3084 4862
323 283 560 354 memnon
583 229 822 354 cmccnan
844 285 962 357 vrrs
1113 299 1197 347 xm

122 447 195 528 μὶ
232 445 325 508 Nocte
348 455 449 508 autern
472 444 609 527 proxime
624 445 804 526 subsequuta
820 445 1001 526 Byzantium
1015 457 1196 530 occupatum

120 535 336 602 asantacuzeno
352 530 388 613 1).

187 619 239 680 llic
255 619 347 697 longo
361 626 431 678 ante
450 637 540 699 quam
557 625 632 678 esset
647 617 684 677 ad
703 637 872 698 supremam
885 618 1059 698 dignitatem
1072 629 1194 682 evectus

117 703 299 785 Nicephorum
315 705 476 784 Gregoram
498 706 532 764 in
555 703 668 763 intimis
686 701 839 766 habuerat.
879 706 1061 766 Litterarum
1083 706 1195 786 quippe

117 791 208 850 studiis
220 811 237 848 a
249 810 345 873 puero
359 809 455 870 usque
470 791 588 850 deditus
603 787 631 870 2)
653 789 770 848 amabat
784 790 866 850 viros
883 791 1004 868 doctos,
1025 801 1142 852 etcum
1157 792 1195 852 iis

117 877 234 956 hequem
249 877 494 937 conversabatur.
523 874 583 934 Ubi
601 895 701 935 rerum
714 874 827 956 potitus
841 873 934 956 est³)‚
950 878 1059 938 veteris
1073 876 1196 956 quidam

116 961 306 1022 bmiliaritatis
327 962 376 1022 iua
396 962 544 1042 integrum
564 960 611 1022 illi
626 961 772 1020 servavita
795 960 847 1020 aed
861 962 930 1042 plus
947 979 1041 1042 aequo
1058 963 1091 1022 in
1106 963 1193 1022 Pala·-

115 1047 187 1107 mitm
197 1067 362 1129 propensus
379 1068 445 1128 spes
459 1048 636 1129 praeclaras,
649 1067 721 1125 quaa
734 1045 804 1107 isde
817 1047 883 1127 ipso
893 1057 1081 1129 conceperat,
1093 1047 1193 1108 omni-

115 1151 147 1190 no
163 1134 318 1194 bnamma
333 1143 386 1195 est.
431 1135 578 1213 Gregcras
591 1151 664 1192 vero
678 1133 715 1192 de
730 1133 818 1193 amici
834 1134 889 1215 (ita
903 1134 939 1194 de
950 1134 1135 1214 Imperatore
1148 1135 1193 1194 Io'-

114 1215 208 1301 quitur)
228 1220 327 1279 salute
346 1219 495 1279 sollicitus
515 1219 549 1278 in
570 1234 634 1277 eam
657 1237 758 1276 curam
779 1227 863 1278 totus
885 1217 1040 1296 incubuit,
1062 1229 1098 1278 ut
1125 1239 1194 1278 eum

113 1302 279 1365 abenantem
301 1305 333 1364 in
350 1305 430 1364 riam
450 1306 615 1366 reduceret.
660 1303 741 1376 Quin
756 1303 845 1362 etiam
859 1304 986 1382 cognitis
1003 1303 1193 1365 adversario-

112 1408 168 1448 rum
185 1389 474 1469 machinationibus,
499 1391 550 1470 qui
572 1399 608 1449 ut
629 1409 719 1468 quam
737 1388 871 1470 primum
889 1390 979 1450 exilio
996 1390 1194 1450 mulctaretur

112 1473 264 1536 macutum
286 1485 317 1536 et
336 1477 435 1555 palam
455 1477 536 1556 apud
558 1476 796 1535 Cantscuzenum
811 1475 951 1554 agebant,
972 1475 1096 1537 liberius
1112 1474 1194 1534 huno

110 1579 214 1638 urguere
235 1561 386 1639 instituit,
417 1571 454 1621 ut
474 1563 523 1623 vel
546 1560 718 1622 convictum
738 1560 856 1642 pudore
882 1561 1030 1640 afficeret,
1058 1561 1107 1620 vel
1127 1562 1194 1640 ipae

109 1644 233 1724 Byzantio
263 1657 390 1708 exactus
410 1647 550 1708 ecclesiae
570 1667 728 1728 oppressae
749 1657 911 1728 conspectu
939 1646 1044 1707 saltem
1068 1653 1193 1708 careret.

109 1729 143 1788 tt
158 1732 203 1792 ille
219 1742 314 1792 tenax
333 1733 497 1814 propositi,
519 1753 576 1794 nec
596 1733 728 1792 hominis
748 1732 817 1792 irati
839 1733 939 1794 verbis
955 1731 1103 1807 offensus,
1125 1731 1193 1812 pari

109 1835 186 1896 mque
204 1819 271 1879 iure
292 1818 458 1899 Imperator
480 1839 548 1880 cum
571 1818 690 1900 privato
704 1818 892 1899 disputabat;
915 1828 951 1878 ut
963 1818 1193 1878 illiusclemen-

109 1901 176 1980 tiam,
194 1905 287 1984 magis
301 1925 391 1984 quem
406 1905 494 1965 buius
508 1906 616 1982 uelum,
637 1904 773 1985 plerique
786 1905 1016 1966 admirarentur.
1058 1903 1192 1962 Tandem

108 1985 243 2066 Gregcraa,
267 1990 411 2070 quoniam
424 1989 482 2050 hac
498 1992 594 2050 minna
607 1990 792 2067 succedebat,
815 1991 903 2050 aliam
918 1990 1000 2051 viam
1011 1989 1189 2067 ingreditur.

108 2071 299 2136 Cmtacuaeno
322 2075 568 2156 Didymcticbum
588 2077 725 2158 prolecto
739 2073 785 2156 ⁴),
807 2077 912 2136 Ireneu
933 2077 997 2136 adit
1014 2075 1095 2136 illius
1113 2093 1191 2134 uxo-

106 2175 172 2235 rem,
190 2161 306 2222 recenti
325 2161 382 2222 filii
395 2171 493 2222 morte
509 2163 661 2224 afflictam.
703 2163 777 2222 Eam
792 2162 906 2223 cladem
919 2160 1030 2222 erroris
1043 2181 1098 2241 per
1114 2160 1192 2219 Can-

106 2249 267 2308 tawaennm
282 2248 445 2326 grmsantis
470 2249 604 2308 fructum
623 2267 686 2310 esse
705 2247 846 2327 affirmat,
868 2257 898 2308 et
916 2247 1007 2308 fidem
1020 2245 1103 2308 facit.
1147 2245 1192 2304 Ita

104 2345 159 2390 suaa
170 2329 268 2412 penes
284 2333 435 2412 Augustae
444 2334 618 2414 patrocinio
633 2333 765 2395 roborat.
800 2335 843 2394 Ea
857 2353 891 2394 re
904 2333 1007 2394 audita
1020 2330 1191 2407 Palamitee,

104 2433 131 2472 tc
150 2415 286 2498 inprimis
307 2417 442 2480 Isidorus
459 2419 645 2501 patriarcha,
668 2421 706 2482 ad
719 2420 827 2482 Irenen
844 2420 1006 2497 accedunt,
1029 2418 1130 2498 eique,
1156 2425 1192 2476 ut

103 2497 137 2570 *b
156 2504 234 2564 omni
261 2524 332 2566 cum
349 2506 480 2582 Gregcra
494 2506 712 2567 consuetudine
734 2506 897 2582 abstineat,
918 2505 1095 2587 persuadere
1112 2523 1192 2562 con-

101 2586 222 2652 tendunt.
266 2591 393 2677 Repulsi
409 2591 646 2654 Cantacuzenum
666 2589 878 2671 Didymcticlro
892 2599 1030 2652 evocant.
1072 2587 1132 2648 Hic
1143 2598 1192 2648 tu·

101 2672 214 2734 nutum
239 2677 362 2738 veritam
386 2677 565 2756 Byzantium
591 2678 716 2739 advolat
741 2687 771 2736 et
792 2677 943 2754 litigantes
965 2674 1106 2750 arcessit,
1134 2672 1192 2732 Iai-

100 2753 194 2818 dorum
215 2775 327 2843 nempe
346 2772 376 2823 et
400 2763 571 2844 Gregoram.
614 2763 718 2825 Multis
741 2763 825 2824 ultro
847 2761 985 2840 citroque
1004 2757 1191 2820 sermonibus

100 2835 210 2922 habim,
230 2847 365 2926 pervicit
385 2848 548 2929 Gregoras,
570 2858 605 2910 ut
619 2848 729 2910 Isidori
747 2849 897 2932 Canonea,
918 2866 972 2908 eeu
991 2844 1191 2926 Hymnodiae,

99 2923 156 3002 igne
172 2929 364 3009 delerentur,
385 2955 422 2994 ac
442 2944 479 2995 ut
491 2927 637 3016 loquendi
649 2935 819 2998 libertatem
835 2933 858 2992 ii
875 2933 1061 3014 reciperent,
1084 2930 1190 3011 quibus

99 3011 222 3096 stupra
251 3027 338 3081 esset.
380 3019 435 3080 His
459 3021 679 3084 conditionibus
699 3022 733 3082 in
762 3019 954 3080 concordiam
980 3017 1112 3079 redittsm
1135 3025 1190 3092 est,

98 3105 123 3156 εἴ
137 3112 315 3183 sumptuoso
337 3105 479 3168 convivio
498 3106 612 3168 sancita
634 3127 704 3188 pax.
748 3107 807 3166 Sed
819 3125 869 3164 eae
884 3105 1004 3184 quidem
1019 3103 1124 3163 breves
1140 3101 1191 3160 in-

98 3179 193 3276 betae
205 3189 343 3254 suerunt.
385 3192 461 3252 Nam
475 3193 616 3270 Palamas,
637 3191 718 3272 quod
731 3191 777 3252 illi
791 3191 942 3270 colloquio
956 3208 1097 3270 praesens
1109 3185 1191 3246 haud

96 3273 288 3353 mtctsimt,
318 3276 531 3356 Didymoticbo
551 3279 747 3358 postmodum
771 3276 904 3350 sccitna,
930 3275 999 3335 lites
1021 3273 1190 3336 renovarit.

96 3349 277 3436 hispamam
289 3381 398 3422 rursus
411 3364 494 3443 apud
510 3363 723 3446 Imperatorem
737 3363 800 3424 acri
812 3361 1021 3438 contentione,
1042 3360 1127 3420 nullo
1138 3377 1190 3417 au.

97 3443 148 3499 itm
162 3463 313 3510 successu.
358 3449 401 3508 Ile
422 3458 488 3508 toto
506 3449 561 3510 illc
581 3449 701 3528 negotio
716 3450 807 3529 plura
819 3448 896 3508 scire
911 3447 965 3527 qui
979 3445 1131 3507 voluerint
1139 3489 1147 3520 ,
1156 3442 1190 3502 'ii

97 3521 249 3606 Grcgcram
262 3531 364 3613 ipsum
375 3533 493 3612 adeant,
514 3535 665 3598 Historiae
683 3535 761 3597 libro
777 3554 833 3594 xv.
848 3533 919 3614 Cap.
934 3553 966 3592 v.

168 3629 296 3696 Biennio
322 3635 385 3696 fere
404 3647 566 3718 postquam
588 3637 664 3698 baec
684 3647 765 3716 gesta
787 3645 880 3708 aunt,
903 3635 960 3696 sub
986 3635 1101 3696 exitum
1119 3635 1191 3698 enni

94 3729 249 3796 monn,
270 3719 349 3781 obiit
363 3723 713 3805 Constantinopolitanua
728 3720 900 3804 patriarcha
920 3722 1062 3786 Isidorus.
1107 3722 1190 3780 Gan-

94 3805 246 3896 tfcuaenus
268 3805 436 3887 Imperator
457 3818 488 3868 et
504 3809 592 3870 irene
604 3809 738 3889 Augusta
755 3809 904 3886 Gregorae
921 3808 1055 3868 animum
1069 3805 1191 3889 blandi-

92 3884 152 3962 bit,
169 3891 348 3970 promissis,
368 3893 597 3972 largitionibus,
620 3897 747 3974 aliisque
769 3893 884 3954 artibus
907 3893 965 3954 iam
988 3914 1074 3974 saepe
1089 3901 1190 3954 tenta-

92 3974 164 4066 lum,
185 3975 277 4036 eum
296 3977 492 4058 patriarchali
507 3981 652 4060 dignitate
673 3988 820 4040 ostentata
841 3978 962 4039 flectere
987 3987 1017 4038 et
1032 3979 1090 4039 sibi
1103 3999 1191 4038 man-

92 4073 185 4136 upsre
205 4063 312 4122 conati
333 4073 414 4126 aunt.
457 4065 603 4146 Gregoras
615 4077 651 4128 ut
660 4065 843 4128 ‘sententiam
853 4074 989 4162 mutaret
1002 4065 1114 4138 adduci
1126 4083 1191 4124 non

120 4239 150 4308 ¹)
165 4243 198 4298 ι
212 4241 424 4303 ο..ιωσιιηι.
442 4251 666 4308 mrtem:
734 4249 768 4320 e)
790 4251 873 4320 evag.
887 4249 958 4304 mae.
976 4249 1021 4304 rs.
1039 4263 1097 4304 m.
1120 4267 1153 4305 a.w
1166 4251 1190 4303 ι.

150 4311 261 4372 not-4.
314 4315 416 4387 meib.
429 4335 487 4378 m.
502 4337 525 4378 a.
538 4323 566 4379 5.
619 4319 652 4391 t)
669 4319 1037 4378 marcessere-autumno
1052 4324 1171 4373 exeunte.
