3084 4862
11 3955 13 4012 ι

11 4015 13 4094 t

11 4177 13 4216 i

11 4219 12 4252 i

363 264 598 338 NICEPHORI
617 263 858 340 GREGORAE
879 267 997 341 VITA.
1167 281 1227 332 m

127 437 206 490 eman
216 425 320 490 verbis
335 425 531 488 confimasvit
540 424 580 508 ¹):
595 433 748 490 nemum
759 427 877 490 funebri
889 427 1024 490 oratioue
1035 429 1153 512 publiea
1168 431 1224 496 de-

124 511 261 590 berit2).
303 512 418 574 Scitum
438 523 482 574 eat
500 512 563 574 eius
581 511 618 574 de
633 513 689 574 isso
708 513 833 576 dictum.
875 515 987 597 Nempe
1001 513 1038 574 ab
1050 515 1228 580 Andronico

122 599 240 659 seniore
257 597 473 678 interrogatus,
503 617 564 678 quo
590 607 679 680 pacto
704 599 937 678 Menoeten„
963 599 1104 662 tenuibus
1130 603 1225 666 initiis

122 685 280 766 proiectus
293 682 376 767 (eam
385 682 582 764 exBryennio
594 693 789 766 praeceptore
800 705 950 768 perpauca
961 686 1131 765 didicerat),
1144 710 1225 750 aum.

123 789 190 830 mus
218 779 410 830 asu-onomus
436 769 594 846 evasisset,
623 767 706 830 reba
727 771 867 849 mirum,.
884 771 983 852 inquit
1006 771 1166 852 Gregoma‚
1191 795 1225 834 ex

118 877 223 935 porca
243 851 388 934 lampade
406 875 553 936 mcgracm
565 857 674 933 facem
692 853 829 920 mendi.
873 857 1097 920 Cantacnrenus
1117 857 1225 920 leuda·

122 949 187 1002 tum
210 938 296 1020 ait¹)
316 939 356 1000 ab
370 939 552 1022 Imperatore
565 959 691 1002 onumen
704 941 934 1024 respondentis,
949 942 1002 1024 qni
1020 941 1149 1024 imagine
1165 944 1224 1006 ob-

123 1025 169 1086 via
183 1045 223 1086 ac
238 1025 376 1086 samaiiari
391 1035 529 1086 naturum
542 1025 592 1086 rei
606 1025 645 1086 ob
659 1028 769 1088 oculos·
776 1027 937 1110 posuisset.

202 1110 348 1172 Florebat
367 1111 432 1172 anta
445 1109 618 1191 'flymena
649 1112 763 1173 studiis
783 1113 932 1174 bonarum
956 1113 1082 1192 arbum,
1104 1115 1225 1178 inventa

124 1194 196 1256 siria
212 1194 316 1256 doctis
330 1196 502 1257 Andronico
518 1197 713 1278 bnperatorc;
736 1197 780 1258 sic
800 1207 835 1259 nt
850 1197 914 1260 eius
927 1199 1034 1262 domus
1050 1221 1113 1262 non
1132 1201 1227 1262 modu

121 1279 290 1342 honestatis
302 1290 333 1342 et
347 1281 446 1342 omnis
457 1281 578 1344 virtutis
593 1281 732 1360 officina,
753 1283 807 1346 sed
824 1288 856 1344 'et
865 1283 1031 1346 litterariae
1047 1283 1225 1347 eruditionis

120 1367 313 1446 gymnasium
333 1375 364 1427 et
383 1365 503 1428 ‹bcendi
522 1367 733 1430 certaminibus
757 1369 909 1449 quoddam
932 1369 1028 1432 veluti
1042 1370 1226 1438 curriculum

121 1463 261 1532 apertum
273 1471 338 1512 ease
351 1451 505 1514 videretur
519 1450 559 1532 ⁴).
601 1453 705 1534 ltaque
718 1473 753 1516 eo
765 1465 900 1536 tempora
913 1453 1062 1516 maximus
1073 1456 1133 1516 fnit
1143 1455 1227 1538 apud

123 1537 256 1598 Gnaeos
278 1547 449 1616 oratorum,
466 1536 727 1620 pbilosophorum,
748 1540 933 1620 aliorumque
946 1539 1134 1603 eruditurum
1148 1561 1225 1623 pro-

120 1631 239 1686 ventae.
284 1621 432 1700 &egum
449 1624 549 1702 magni
567 1623 753 1704 chotiaetae
776 1625 994 1690 communire
1018 1627 1143 1688 satiatras
1168 1647 1226 1688 ax-

121 1707 225 1787 pedire
253 1706 311 1768 sibi
328 1707 475 1782 eredidit,
500 1709 561 1768 iem
584 1729 679 1770 annos
699 1730 801 1772 xxm.
822 1720 912 1788 neto,
935 1731 1023 1773 usum
1045 1711 1091 1772 ede
1107 1710 1226 1772 doctri-

122 1811 190 1852 nam
212 1793 380 1871 adiungere
401 1803 432 1854 et
448 1813 487 1854 ex
506 1792 612 1856 umbre
632 1794 665 1863 in
687 1795 785 1856 lucem
806 1795 930 1878 prodire
943 1795 981 1878 8).
1024 1795 1225 1872 Quamobrem

122 1877 294 1940 stadiorum
324 1897 448 1940 suorum
479 1878 589 1940 fiducia
619 1881 715 1940 fretus
745 1881 785 1950 ed
816 1881 1030 1962 inperatorem
1060 1882 1162 1963 ipsum
1193 1901 1227 1944 sa

123 1963 272 2040 metretit,
299 1972 339 2024 ut
363 1983 413 2041 se,
441 1963 467 2024 si
492 1974 611 2045 posset,
638 1965 671 2026 iu
697 1965 764 2027 eiua
789 1966 1022 2030 familiaritatem
1049 1966 1224 2028 insinumt
1341 1975 1342 1978 ’

122 2047 316 2112 emente
335 2058 366 2110 st
387 2049 466 2110 nitra
483 2069 580 2130 quam..
595 2061 768 2131 speraverat
793 2053 929 2132 benigne
941 2061 1086 2134 exceptus
1114 2053 1227 2114 cretio·

123 2153 190 2194 nana
210 2133 294 2216 apud
312 2153 381 2194 cum
401 2133 526 2211 hebuit,
546 2135 677 2215 duasque
699 2137 816 2218 inipso
830 2137 975 2216 virtutae,
996 2137 1173 2219 sapientiam
1193 2145 1229 2200 et

125 2219 339 2298 eloquentiam,
360 2219 497 2280 laudavit
512 2218 550 2301 ο).
603 2221 750 2303 Tempore
768 2223 950 2303 procedente
978 2224 1021 2284 ita
1046 2223 1230 2286 mumolum

124 2305 251 2364 eundem
270 2313 415 2386 expertus
439 2314 500 2382 est,
536 2314 574 2366 ut
592 2306 686 2386 aliqui
710 2307 941 2387 indignarentur
963 2308 1119 2386 iuvenem,
1139 2309 1226 2369 nnita

123 2389 278 2468 dignitate,
305 2389 392 2450 nullo
406 2390 579 2451 sacerdotio·
587 2393 835 2470 commendatum,
856 2403 940 2464 tanta
955 2393 1039 2475 apud
1053 2393 1229 2476 Principem

121 2475 220 2554 gratie
229 2475 342 2536 valere.
376 2475 588 2552 Andronicus,
604 2485 641 2537 ut
654 2497 688 2536 os
702 2479 871 2539 obstrueret
883 2478 1146 2555 obtrectatoribus,
1163 2479 1226 2559 pri-

121 2580 189 2620 mca
211 2560 353 2622 ecciesiae
367 2558 500 2622 bonores
512 2562 648 2622 conferre
661 2561 688 2622 ei
700 2562 801 2624 iuveni
815 2565 938 2641 statuit,
959 2574 989 2624 et
1005 2559 1226 2644 Chartophyla·

122 2645 169 2706 cia
182 2645 377 2725 dignitatem,
397 2645 486 2707 velut
498 2647 616 2727 pignus,
637 2647 739 2707 statim
758 2648 886 2708 obtulite
908 2669 945 2708 ac
958 2648 1018 2708 iam
1031 2649 1136 2724 eidem,
1154 2657 1226 2708 tan-

123 2749 213 2808 qnean
226 2729 412 2794 hauddubie
427 2741 599 2813 accepturo,
620 2741 720 2792 vestes
734 2741 765 2792 et
777 2731 907 2810 insigina
922 2732 1231 2814 dignufieparabat.

125 2819 288 2895 Gregoraa,
308 2815 497 2877 immaturam
518 2826 651 2878 aetatem.
669 2827 701 2880 et
726 2817 897 2880 nudorum
927 2837 1053 2878 auorum
1077 2817 1232 2880 rationem

124 2911 293 2977 aarum,
313 2901 416 2981 gratiis
436 2900 528 2979 actis,
550 2911 581 2964 et
603 2901 727 2964 laudato
747 2904 955 2985 imperatum.
968 2903 1107 2966 oblatmu
1127 2902 1231 2972 buc.-

124 3007 189 3048 rsm
200 2986 384 3069 repudiavit.
426 2987 609 3068 Repudianti
624 2987 672 3048 vis
689 3009 785 3070 paene
794 2984 879 3050 illota
892 2986 931 3068 7).

208 3073 374 3152 Aliquanto
395 3081 465 3152 post
482 3070 510 3153 ⁸)
532 3081 601 3133 orta
617 3072 698 3134 inter
715 3073 850 3134 eruditos
872 3073 992 3135 nobilis
1004 3073 1224 3136 conmevarsia.

127 3159 349 3218 Conveniebant
362 3157 468 3218 crebro
484 3157 517 3216 in
527 3157 672 3239 palatium
684 3158 748 3220 viri
760 3159 909 3240 sapientes
923 3167 953 3218 et
967 3157 1063 3236 docti,
1082 3167 1171 3238 atque
1185 3158 1227 3217 il-

127 3243 168 3303 lie
185 3243 321 3304 certatim
344 3241 490 3304 derebus
512 3242 695 3322 quibuslibet
719 3245 804 3304 scitu.
817 3243 915 3326 dignis
933 3264 1035 3306 coram
1048 3237 1230 3306 'Andronico

128 3330 240 3388 miore
257 3327 460 3408 disputsbant.
503 3327 577 3388 Cum
597 3329 691 3408 igitur
707 3331 879 3410 frequentas
901 3329 944 3389 ibi
958 3327 1122 3409 aliquando
1138 3328 1228 3388 adee-

129 3412 242 3494 meu,
260 3413 470 3490 Andronicus,
493 3421 527 3472 ut
541 3411 711 3496 Nicephoro
725 3416 890 3494 Gregorae,
910 3433 1001 3494 quern
1015 3413 1103 3474 ualde
1117 3413 1227 3493 dilige-

129 3496 236 3580 bst¹⁰)‚
246 3497 370 3559 dicendi
382 3498 571 3558 occasionem
583 3499 749 3580 praeheret,
767 3499 951 3564 mentionem
962 3497 1067 3559 iniecit
1082 3497 1226 3558 doaetro-

130 3585 233 3645 neania.
285 3583 363 3643 Tum
392 3583 555 3662 Gregoras,
582 3583 637 3666 qui
659 3583 697 3645 de
719 3584 863 3648 Pascbate
884 3583 924 3644 ad
943 3579 1156 3665 imperatorem
1179 3604 1227 3644 re·

133 3669 205 3730 [cre
225 3667 367 3749 cupiebat
394 3667 591 3749 iampridem,
618 3671 831 3730 astronomiam
856 3669 953 3750 ipsam
974 3670 1109 3749 primum
1127 3667 1228 3748 coepit

132 3751 266 3816 truderet
284 3753 393 3815 deinde
409 3773 494 3814 usum
510 3753 574 3814 eius
588 3754 677 3815 etiam
691 3755 730 3816 ud
741 3751 893 3818 Pascbotis
907 3754 1121 3816 correctionem
1133 3753 1228 3835 perti·

166 3937 197 4006 t)
212 3939 268 3996 bib.
285 3953 344 3992 snt.
361 3937 425 3992 nte
494 3936 527 4006 ἱ)
545 3936 603 3992 niu
617 3955 645 3992 x.
662 3939 727 3995 cb.
754 3939 944 4022 ,manhu
959 3937 1031 4002 Est.
1047 3935 1091 3992 tib.
1110 3953 1130 3992 ι.
1145 3954 1170 3992 c.
1185 3939 1229 3996 11.

196 4005 501 4145 tramete„
519 4007 587 4132 et?
611 4010 685 4146 “⁰33
701 4008 1063 4160 mittunt?
1085 4005 1144 4146 ¹¹23·
1157 4022 1233 4130 nd·

197 4145 240 4198 tib.
255 4157 315 4198 sur.
331 4161 355 4198 e.
370 4147 412 4200 te
483 4145 531 4212 to)
548 4144 721 4230 Quantopere
731 4146 879 4216 Gregoram
888 4147 1018 4210 dilexerat,
1034 4145 1080 4200 rel
1090 4161 1125 4228 ⁸¹.
1134 4163 1166 4200 eo
1175 4161 1227 4266 pp-

198 4211 724 4286 pareuqnodaegmtantemndtarent.
758 4215 840 4272 Extat
858 4215 955 4272 haene
972 4231 1003 4272 re
1020 4214 1049 4272 in
1068 4215 1158 4270 eones
1198 4228 1228 4267 a·

199 4281 282 4340 ⁰⁰⁰⁰
296 4281 378 4356 ²⁶roa
390 4281 630 4354 mmmdc-
