3008 4878
296 331 528 402 fflsuotunu
550 331 825 412 BYZANTINAE
843 331 899 398 IX.
921 320 957 403 1.'
1058 399 1059 408 ,
1083 319 1157 398 395

78 501 128 577 τὰς
146 497 362 575 Μακεδονικὰς
381 495 483 575 πόλεις
510 495 553 575 ῶς
567 497 660 580 εέκὰς,
688 499 720 563 ἐκ
742 498 837 581 μέσου
861 491 1066 581 ποιησόμενον
1088 497 1154 564 ὅσοι
1199 505 1228 557 d·
1246 509 1275 557 0·

80 606 127 671 οόκ
149 604 204 682 ἐξω
226 611 282 669 τοῦ
305 600 536 670 ὑποπτεύεσθαι
559 600 744 689 πεφόκασιν·
773 600 866 666 ἔπειτ’
886 605 1002 667 ἐκεῖθεν
1020 601 1157 688 ἄραντας
1208 575 1277 694 ¹332

78 707 126 786 ξῦν
137 734 167 792 γε
181 713 224 796 τῷ
238 713 419 796 συμμαχικῷ
432 713 555 795 στρατῷ
565 712 608 794 τῶ
622 709 655 771 ἐκ
668 711 724 771 τοῦ
740 703 851 792 Κρόλη
867 708 999 791 Σερβιάς
1012 704 1156 793 ἐρχεσθαι
1209 713 1277 766 tata

78 813 128 895 τήν
146 815 292 896 ταχέστην
314 811 393 876 κατὰ
411 817 467 876 τοῦ
482 810 632 894 βασιλέως
645 809 837 895 Ἀνδρονίκου
859 815 915 873 τοῦ
933 811 1011 876 νέου.
1045 817 1108 876 τῶν
1123 783 1322 906 δέἐωὲἑήηῖῗζῗ·

58 921 253 997 5οτολεισῶν,
290 912 332 992 ῶς
352 914 482 1002 ἐφημεν,
508 920 636 1001 γραφῶν
658 911 735 1000 πρός
758 939 790 978 τε
812 911 866 978 τὰν
882 910 1013 998 Κρόλην
1026 915 1194 1000 Σερβιάςῦ

80 1021 122 1084 ani
137 1019 212 1105 πρὸς
226 1018 282 1084 τὰν
302 1016 454 1102 δεσπότην
469 1019 520 1083 καλ
541 1017 619 1104 πρὸς
640 1015 752 1093 ἄλλους
767 1015 833 1082 ὅσοι
846 1017 1008 1098 βασιλικὰς
1031 1015 1161 1106 διῴκουν

80 1123 234 1208 ἐπιτροπὰς
260 1123 293 1188 αἳ
314 1123 371 1206 μέν
392 1120 532 1188 ἑάλωσαν
556 1121 642 1209 παρὰ
666 1127 729 1186 τῶν
751 1120 807 1197 τὰς
829 1115 920 1196 itote
941 1118 1161 1208 φρουρούντων

80 1205 245 1312 ἀνθρώπων
259 1233 317 1292 τοῦ
333 1225 402 1292 νέου
420 1225 589 1309 βασιλέως,
618 1224 687 1290 ὅσαι
704 1225 752 1290 ἐπὶ
762 1223 880 1311 χόρτου
895 1237 1058 1311 γραφεῖσαι
1074 1222 1161 1311 ἐτῦγ-

77 1351 180 1410 χανον·
207 1331 241 1394 αἶ
264 1331 298 1395 δέ
313 1335 470 1396 λαθοῦσαι
492 1326 658 1416 παρῆλθόν
671 1353 703 1394 τε
720 1331 770 1392 καὶ
793 1328 870 1415 πρὸς
881 1327 938 1404 οῦς
953 1330 1161 1415 ἐπέμφθησαν

48 1431 213 1518 1οὰρέκοντο
220 1484 231 1515 ,
260 1432 331 1500 ὅσοι
350 1435 399 1498 ἐπὶ
413 1415 497 1499 λίνουΙ
519 1437 712 1519 λεπτοϋφοῦς
725 1433 776 1497 καὶ
792 1437 900 1497 λευκοῦ
915 1444 1078 1518 γραφεῖσαι
1094 1443 1161 1508 τοῖς

79 1541 134 1600 τῶν
151 1544 471 1622 γραμματοκομιστῶν
485 1534 652 1619 ἐνδόμασιν
668 1534 788 1623 εὐφυῶς
800 1534 1045 1623 συνερρὰφησαν.
1080 1535 1161 1602 κατὰ

79 1637 128 1724 γὰρ
147 1641 201 1718 τὰς
220 1641 331 1718 στενὰς
346 1647 409 1708 τῶν
423 1639 505 1708 όὰῶν
525 1643 576 1705 καέ
594 1636 730 1723 μάλιστα
751 1638 831 1704 κατὰ
845 1639 902 1715 τὰς
915 1641 983 1725 περὶ
998 1637 1186 1728 Χριστοῦ-1)

80 1747 158 1808 πολιν
172 1742 273 1822 πόλας
289 1745 445 1832 φρουροῦς
461 1744 490 1808 ni
504 1746 572 1831 περὶ
586 1743 642 1810 τὰν
657 1744 726 1809 νέον
739 1741 854 1809 ἔθεσαν
866 1743 1006 1825 βασιλέα,
1035 1744 1069 1809 oi*
1081 1741 1160 1811 πόν-

79 1869 128 1920 τος
140 1849 211 1925 τοὰς
225 1846 395 1936 παριόντας
413 1845 567 1931 ἐξήταζον,
584 1849 610 1913 el
623 1845 745 1934 γραφὰς
760 1847 793 1911 ἐκ
809 1847 980 1926 Βυζαντέου
994 1850 1158 1930 κομίζοιεν·

50 1951 123 2016 litui
137 1943 173 2034 ήν
187 1953 332 2038 δυσχερές
349 1948 459 2018 οῦτωσέ
479 1948 620 2017 λαθόντα
635 1950 703 2017 τινὰ
719 1957 894 2036 παρελθεῖν.
948 1949 1021 2038 (Η.)
1046 1951 1161 2017 Konst-

80 2051 209 2136 ιουςμέν
227 2049 283 2122 οὖν
304 2055 392 2120 οῦδέν
408 2053 545 2139 ἐλελήθει
561 2061 624 2120 τιῦν
639 2057 672 2120 ἐν
687 2056 846 2141 Βυζαντίῳ
866 2050 969 2140 κρόφα
989 2053 1161 2136 μελετωμέ-

81 2181 133 2220 rtur
142 2183 171 2222 τε
185 2161 234 2224 καέ
251 2160 434 2246 δρωμένων·
461 2155 591 2235 τούτους
607 2159 640 2222 δέ
655 2154 756 2224 πάντα
770 2154 907 2240 ἐλελήθει
921 2155 979 2222 ὅσα
993 2157 1073 2222 κατὰ
1088 2153 1161 2223 ποό-

81 2282 134 2324 των
152 2257 267 2338 ἴξωθεν
290 2261 514 2348 ἐκεῖνοιᾶδρων
537 2287 569 2326 τε
592 2262 644 2325 καέ
667 2261 824 2342 ἐμελέτων.
866 2257 978 2336 πάντες
995 2257 1053 2346 γὰρ
1074 2283 1162 2347 σφισι

81 2363 285 2452 προσεχώρουν
299 2367 469 2445 έθελοντοέ,
490 2364 518 2429 oi
531 2365 587 2446 μέν
602 2366 634 2440 ἐς
646 2363 821 2450 τοῦμφανές
838 2361 947 2438 αὐταῖς
958 2360 1092 2447 γνώμαις
1107 2365 1188 2430 καέΙλΙ

50 2466 176 2542 turrianis
196 2467 352 2552 σῶμασιν·
381 2467 447 2535 ὅσοι
459 2469 492 2533 di
506 2467 550 2552 μή
566 2465 733 2548 ἐὰόναντο,
762 2466 791 2530 oi
806 2467 840 2530 δέ
855 2463 932 2530 ἀλλὰ
948 2477 1017 2542 ταῖς
1026 2464 1160 2551 γνώμαις

82 2572 174 2654 σφίσιν
187 2569 358 2659 ὁλοσχερῶς
371 2573 582 2658 προσέκειντο·
611 2571 646 2636 οὗ
657 2567 753 2652 μόνον
763 2575 874 2656 μικροῦ
892 2566 1003 2645 πάντες
1017 2569 1088 2635 ὅσοι
1103 2575 1160 2636 τοῦ

82 2669 170 2753 δήμου
186 2683 249 2742 τῶν
268 2677 464 2756 Βυζαντίων,
499 2674 578 2739 ιἰλλὰ
592 2662 644 2739 nni
661 2673 727 2740 ὅσοι
747 2680 810 2740 τῶν
830 2679 1037 2758 συγκλητικῶν
1049 2675 1099 2738 καὶ
1114 2676 1159 2738 ol-

83 2783 197 2845 κειακῶν
212 2782 264 2845 καὶ
279 2779 346 2846 ὅσοι
360 2787 424 2845 τῶν
435 2775 519 2863 μὰλα
536 2779 615 2844 καθ’
634 2773 711 2862 αἷμα
725 2785 769 2875 epi
781 2783 897 2867 γηραιῷ
911 2783 1160 2868 βασιλεῖπροοη·

139 2959 179 3016 22·
200 2960 347 3018 oiarsonis
361 2960 408 3030 lb,
426 2959 560 3016 οἰκιακῶν
575 2961 619 3022 W.

84 3106 200 3179 adduealp
211 3131 243 3168 ac
254 3115 361 3186 primurn
377 3113 479 3184 quidem
493 3113 673 3167 Macedonicas
692 3115 769 3168 urbes
789 3111 889 3168 idoneis
904 3111 1039 3184 praesidis
1057 3109 1163 3176 muniat,

84 3187 107 3256 ot
119 3199 158 3232 eos
169 3201 269 3248 ornnes,
286 3184 331 3254 qui
345 3202 445 3254 quoquo
458 3183 531 3236 ruodo
543 3183 655 3253 suspecti
666 3183 733 3248 sint,
751 3192 894 3238 removent:
911 3183 1004 3236 deinde
1018 3199 1073 3234 curn
1088 3181 1161 3234 auxi-

84 3243 176 3302 luribus
189 3254 285 3322 copiis,
310 3271 374 3323 quas
388 3253 479 3323 Crales
492 3253 598 3306 Seruioe
615 3253 736 3306 missurus
758 3253 806 3318 sit,
843 3253 905 3306 simo
925 3268 1028 3322 quoque
1048 3260 1162 3320 tenpore

84 3325 163 3372 contra
173 3320 294 3375 iuniorem
308 3323 488 3394 lnuperatorens
501 3321 671 3375 Andronicum
682 3329 790 3376 moveat.
821 3271 956 3376 doctorum
969 3322 1080 3383 litterae,
1098 3337 1162 3388 quaa

85 3384 112 3464 νή
123 3389 217 3443 Cralern
228 3392 352 3455 Suriae,
370 3391 403 3444 ad
417 3391 575 3460 Despotam,
592 3393 626 3445 ad
639 3401 756 3445 caeteros
768 3409 868 3456 omnes,
886 3398 1010 3461 quotquot
1021 3391 1162 3459 Imperato-

85 3466 116 3534 ¹3⁸
126 3459 223 3578 nepotis
234 3461 261 3514 ἰιι
274 3461 414 3531 provinciis
427 3461 612 3529 procurabant,
629 3461 739 3530 scriptas
750 3479 807 3514 esso
822 3462 947 3524 diximus,
965 3459 1058 3531 partita
1075 3460 1108 3511 ab
1121 3457 1162 3509 iu-

85 3523 154 3577 nron's
174 3531 325 3599 mperatoris
339 3529 460 3584 militibus
468 3530 523 3583 vius
535 3529 734 3584 custodientibus
748 3537 873 3600 exceptae
886 3537 960 3592 eunte
978 3545 1025 3582 cae
1038 3527 1163 3590 nimirum,

85 3607 142 3656 quae
155 3597 249 3650 clsartis
263 3598 403 3668 inscriptae
417 3606 504 3652 crant:
521 3601 615 3682 partim
629 3600 661 3652 iis
676 3601 791 3670 deceptis
807 3605 953 3662 evaserunt,
971 3607 998 3650 et
1012 3615 1062 3666 quo
1075 3597 1162 3649 initte-

85 3655 166 3715 buntur
175 3675 362 3735 pervenerint,
380 3668 438 3722 illae
452 3668 589 3732 videlicet,
607 3687 674 3738 quae
686 3670 757 3722 tenui
769 3677 796 3722 et
808 3669 866 3722 albo
878 3668 955 3721 linteo
968 3666 1108 3736 inscriptae
1119 3671 1162 3717 ta·

84 3723 233 3810 bullariorurn
247 3738 361 3790 vestibus
374 3739 481 3791 solerter
492 3737 591 3791 inautae
603 3740 714 3792 luerunt.
736 3739 802 3792 Natu
816 3739 957 3808 Imperator
969 3735 1053 3788 iunior
1068 3753 1123 3788 euru
1134 3733 1161 3786 in

85 3795 135 3850 abis
146 3802 241 3858 siarum
253 3807 391 3875 angustiis,
409 3814 461 3859 turn
472 3808 502 3860 ln
522 3807 571 3872 lis,
589 3825 655 3877 quae
672 3817 732 3861 aurit
751 3808 819 3878 apud
835 3805 1024 3874 christopolin,
1042 3804 1162 3857 custodes

85 3867 224 3940 collocarat,
242 3875 286 3944 qui
297 3893 381 3928 ornrtea
393 3885 584 3947 praetereuntes
599 3877 778 3941 excutiebant,
796 3877 819 3929 si
839 3877 906 3928 lorte
923 3875 1023 3928 litteras
1035 3873 1161 3943 Byzantio

86 3935 212 4006 allerrent,
237 3961 300 4013 quos
322 3945 411 3998 fallere
431 3945 586 4015 perdifficile
604 3955 669 4000 erat.
704 3947 804 4016 (Vlll.)
825 3947 863 3998 llc
881 3945 938 3998 illos
957 3943 1057 4014 quidem
1074 3959 1161 3998 eorum

86 4021 144 4068 quoe
155 4009 272 4078 Byzantii
284 4013 347 4067 clam
360 4015 503 4082 agebantur
516 4021 542 4068 et
556 4015 719 4084 agitabantur
732 4015 795 4069 nibil
806 4015 917 4068 latebat:
934 4013 998 4067 istos
1016 4031 1078 4066 vero
1096 4013 1162 4066 late·

85 4069 140 4126 bunt
151 4082 249 4145 οιιιοίο,
285 4098 333 4136 une
347 4083 385 4136 illi
398 4083 463 4136 loris
476 4091 503 4136 et
518 4085 629 4151 agebant
652 4093 679 4139 et
701 4085 842 4154 agitabunt.
859 4092 862 4101 '
877 4085 945 4138 Nam
966 4101 1050 4137 ornnes
1070 4087 1161 4153 sppnto

87 4141 164 4197 νότοι
178 4101 348 4218 inclinabant,
365 4151 408 4205 alii
421 4162 511 4222 aperta
524 4161 550 4206 et
569 4153 658 4206 animis
678 4159 705 4207 et
718 4155 882 4224 corporibus;
900 4152 943 4223 qui
965 4171 1028 4206 vero
1047 4149 1181 4221 corpori·x

86 4205 127 4262 bus
141 4231 186 4268 non
199 4229 333 4288 poteraut,
350 4221 440 4276 animis
456 4229 526 4275 certe
540 4231 567 4275 ct
585 4227 640 4276 toto
651 4230 756 4292 pectore
779 4240 833 4276 curn
852 4223 904 4276 illis
924 4221 1052 4275 coniuneti
1073 4225 1160 4282 erant;

86 4291 130 4356 ξξθῐλ
142 4285 211 4364 podo
223 4291 300 4342 onnia
314 4291 370 4344 lere
382 4291 526 4360 Byzantina
540 4291 628 4362 plebs,
645 4291 691 4345 aed
704 4301 731 4346 et
742 4293 863 4346 senatorii
875 4299 902 4345 at
912 4291 990 4345 aulici
1001 4307 1120 4360 proceres
1134 4295 1162 4340 et

87 4359 103 4394 ¹¹
114 4367 153 4420 qur
165 4357 286 4413 seniornu
298 4361 479 4433 Imperatorem
498 4363 651 4433 cognatione
662 4363 769 4418 maxime
781 4361 950 4434 attingebant.
983 4365 1023 4418 Ac
1039 4360 1060 4414 ii
1080 4373 1161 4429 quae·
