<?xml version="1.0" encoding="UTF-8"?>
<!DOCTYPE html PUBLIC "-//W3C//DTD XHTML 1.0 Transitional//EN"
    "http://www.w3.org/TR/xhtml1/DTD/xhtml1-transitional.dtd">
<html xmlns="http://www.w3.org/1999/xhtml" xml:lang="en" lang="en">
 <head>
  <title>
</title>
<meta http-equiv="Content-Type" content="text/html;charset=utf-8" />
  <meta name='ocr-system' content='tesseract 3.04.00' />
  <meta name='ocr-capabilities' content='ocr_page ocr_carea ocr_par ocr_line ocrx_word'/>
</head>
<body>
  <div class='ocr_page' id='page_1' title='image "./nicephorigregor06schogoog_0024.png"; bbox 0 0 3084 4862; ppageno 0'>
   <div class='ocr_carea' id='block_1_1' title="bbox 527 260 1220 336">
    <p class='ocr_par' dir='ltr' id='par_1_1' title="bbox 527 260 1220 336">
     <span class='ocr_line' id='line_1_1' title="bbox 527 260 1220 336; baseline 0 -4"><span class='ocrx_word' id='word_1_1' title='bbox 527 260 785 336; x_wconf 73' lang='lat' dir='ltr'><strong>nnunnnuto.</strong></span> <span class='ocrx_word' id='word_1_2' title='bbox 1151 281 1220 332; x_wconf 78' lang='lat' dir='ltr'><strong>mn</strong></span> 
     </span>
    </p>
   </div>
   <div class='ocr_carea' id='block_1_2' title="bbox 28 423 1230 4318">
    <p class='ocr_par' dir='ltr' id='par_1_2' title="bbox 28 423 1224 1746">
     <span class='ocr_line' id='line_1_2' title="bbox 137 423 1219 512; baseline 0.006 -26"><span class='ocrx_word' id='word_1_3' title='bbox 137 425 284 486; x_wconf 70' lang='lat' dir='ltr'><strong>illustram</strong></span> <span class='ocrx_word' id='word_1_4' title='bbox 296 425 421 490; x_wconf 82' lang='lat' dir='ltr'><strong>luerunt</strong></span> <span class='ocrx_word' id='word_1_5' title='bbox 431 444 472 488; x_wconf 87' lang='lat' dir='ltr'><strong>ex</strong></span> <span class='ocrx_word' id='word_1_6' title='bbox 484 423 586 486; x_wconf 84' lang='lat' dir='ltr'><strong>codice</strong></span> <span class='ocrx_word' id='word_1_7' title='bbox 597 424 772 488; x_wconf 81' lang='lat' dir='ltr'><strong>colbertino</strong></span> <span class='ocrx_word' id='word_1_8' title='bbox 783 425 868 496; x_wconf 76' lang='lat'><strong>496⁰</strong></span> <span class='ocrx_word' id='word_1_9' title='bbox 874 447 885 502; x_wconf 78' lang='lat'>3</span> <span class='ocrx_word' id='word_1_10' title='bbox 901 429 987 490; x_wconf 83' lang='lat' dir='ltr'><strong>cuine</strong></span> <span class='ocrx_word' id='word_1_11' title='bbox 1001 428 1089 492; x_wconf 88' lang='lat' dir='ltr'><strong>nobie</strong></span> <span class='ocrx_word' id='word_1_12' title='bbox 1102 430 1219 512; x_wconf 77' lang='lat' dir='ltr'><strong>copiam</strong></span> 
     </span>
     <span class='ocr_line' id='line_1_3' title="bbox 133 528 1221 611; baseline 0.006 -21"><span class='ocrx_word' id='word_1_13' title='bbox 133 529 196 590; x_wconf 86' lang='lat' dir='ltr'><strong>lecit</strong></span> <span class='ocrx_word' id='word_1_14' title='bbox 207 529 261 590; x_wconf 78' lang='lat' dir='ltr'><strong>vir</strong></span> <span class='ocrx_word' id='word_1_15' title='bbox 272 549 361 609; x_wconf 82' lang='lat' dir='ltr'><strong>quem</strong></span> <span class='ocrx_word' id='word_1_16' title='bbox 373 529 481 590; x_wconf 74' lang='lat' dir='ltr'><strong>doctrin</strong></span> <span class='ocrx_word' id='word_1_17' title='bbox 493 537 555 590; x_wconf 82' lang='lat' dir='ltr'><strong>tem</strong></span> <span class='ocrx_word' id='word_1_18' title='bbox 565 528 714 610; x_wconf 82' lang='lat' dir='ltr'><strong>emebilie,</strong></span> <span class='ocrx_word' id='word_1_19' title='bbox 730 529 899 611; x_wconf 73' lang='lat' dir='ltr'><strong>Stephanus</strong></span> <span class='ocrx_word' id='word_1_20' title='bbox 912 531 1062 596; x_wconf 84' lang='lat' dir='ltr'><strong>Baluziue.</strong></span> <span class='ocrx_word' id='word_1_21' title='bbox 1104 534 1221 598; x_wconf 76' lang='lat' dir='ltr'><strong>Habui·</strong></span> 
     </span>
     <span class='ocr_line' id='line_1_4' title="bbox 133 631 1221 720; baseline 0.009 -28"><span class='ocrx_word' id='word_1_22' title='bbox 133 651 190 692; x_wconf 81' lang='lat' dir='ltr'><strong>inne</strong></span> <span class='ocrx_word' id='word_1_23' title='bbox 200 641 348 712; x_wconf 77' lang='lat' dir='ltr'><strong>praetereo</strong></span> <span class='ocrx_word' id='word_1_24' title='bbox 361 631 506 694; x_wconf 73' lang='lat' dir='ltr'><strong>lectiones</strong></span> <span class='ocrx_word' id='word_1_25' title='bbox 520 632 699 711; x_wconf 78' lang='lat' dir='ltr'><strong>nonnullae,</strong></span> <span class='ocrx_word' id='word_1_26' title='bbox 719 651 759 694; x_wconf 82' lang='lat' dir='ltr'><strong>ex</strong></span> <span class='ocrx_word' id='word_1_27' title='bbox 771 633 917 696; x_wconf 87' lang='lat' dir='ltr'><strong>Veticeno</strong></span> <span class='ocrx_word' id='word_1_28' title='bbox 932 635 1037 700; x_wconf 87' lang='lat' dir='ltr'><strong>codice</strong></span> <span class='ocrx_word' id='word_1_29' title='bbox 1056 637 1221 720; x_wconf 81' lang='lat' dir='ltr'><strong>deecniptee</strong></span> 
     </span>
     <span class='ocr_line' id='line_1_5' title="bbox 133 734 1222 820; baseline -0.002 -24"><span class='ocrx_word' id='word_1_30' title='bbox 133 734 262 796; x_wconf 78' lang='lat' dir='ltr'><strong>Fiiderici</strong></span> <span class='ocrx_word' id='word_1_31' title='bbox 275 734 463 815; x_wconf 80' lang='lat' dir='ltr'><strong>Roetgeerdii</strong></span> <span class='ocrx_word' id='word_1_32' title='bbox 475 734 577 796; x_wconf 88' lang='lat' dir='ltr'><strong>etudio</strong></span> <span class='ocrx_word' id='word_1_33' title='bbox 591 745 624 796; x_wconf 86' lang='lat' dir='ltr'><strong>et</strong></span> <span class='ocrx_word' id='word_1_34' title='bbox 637 735 801 814; x_wconf 73' lang='lat' dir='ltr'><strong>diligentia.</strong></span> <span class='ocrx_word' id='word_1_35' title='bbox 835 737 896 801; x_wconf 87' lang='lat' dir='ltr'><strong>Sed</strong></span> <span class='ocrx_word' id='word_1_36' title='bbox 906 758 964 815; x_wconf 87' lang='lat' dir='ltr'><strong>eae,</strong></span> <span class='ocrx_word' id='word_1_37' title='bbox 979 744 1051 820; x_wconf 73' lang='lat' dir='ltr'><strong>quia</strong></span> <span class='ocrx_word' id='word_1_38' title='bbox 1062 765 1129 806; x_wconf 67' lang='lat' dir='ltr'><strong>mo</strong></span> <span class='ocrx_word' id='word_1_39' title='bbox 1143 747 1222 807; x_wconf 65' lang='lat'><em>2112.</em></span> 
     </span>
     <span class='ocr_line' id='line_1_6' title="bbox 131 836 1220 929; baseline 0.008 -29"><span class='ocrx_word' id='word_1_40' title='bbox 131 847 172 900; x_wconf 92' lang='lat' dir='ltr'><strong>tae</strong></span> <span class='ocrx_word' id='word_1_41' title='bbox 182 847 258 916; x_wconf 86' lang='lat' dir='ltr'><strong>aunt,</strong></span> <span class='ocrx_word' id='word_1_42' title='bbox 270 838 528 921; x_wconf 80' lang='lat' dir='ltr'><strong>perfectionempe</strong></span> <span class='ocrx_word' id='word_1_43' title='bbox 541 837 639 902; x_wconf 78' lang='lat' dir='ltr'><strong>etiam</strong></span> <span class='ocrx_word' id='word_1_44' title='bbox 648 839 707 900; x_wconf 87' lang='lat' dir='ltr'><strong>enh</strong></span> <span class='ocrx_word' id='word_1_45' title='bbox 719 836 821 921; x_wconf 77' lang='lat' dir='ltr'><strong>praelo</strong></span> <span class='ocrx_word' id='word_1_46' title='bbox 830 839 1037 922; x_wconf 71' lang='lat' dir='ltr'><strong>multiplicetis</strong></span> <span class='ocrx_word' id='word_1_47' title='bbox 1050 847 1087 908; x_wconf 83' lang='lat' dir='ltr'><strong>iic</strong></span> <span class='ocrx_word' id='word_1_48' title='bbox 1104 849 1220 929; x_wconf 85' lang='lat' dir='ltr'><strong>peginie</strong></span> 
     </span>
     <span class='ocr_line' id='line_1_7' title="bbox 130 937 1222 1028; baseline 0.008 -29"><span class='ocrx_word' id='word_1_49' title='bbox 130 941 164 1002; x_wconf 80' lang='lat' dir='ltr'><strong>ed</strong></span> <span class='ocrx_word' id='word_1_50' title='bbox 179 961 245 1022; x_wconf 80' lang='lat' dir='ltr'><strong>quie</strong></span> <span class='ocrx_word' id='word_1_51' title='bbox 256 939 466 1023; x_wconf 74' lang='lat' dir='ltr'><strong>pertinebant,</strong></span> <span class='ocrx_word' id='word_1_52' title='bbox 482 939 598 1002; x_wconf 85' lang='lat' dir='ltr'><strong>idcirco</strong></span> <span class='ocrx_word' id='word_1_53' title='bbox 610 937 703 1004; x_wconf 82' lang='lat' dir='ltr'><strong>huiue</strong></span> <span class='ocrx_word' id='word_1_54' title='bbox 718 941 883 1008; x_wconf 74' lang='lat' dir='ltr'><strong>voluminis</strong></span> <span class='ocrx_word' id='word_1_55' title='bbox 896 949 1112 1028; x_wconf 82' lang='lat' dir='ltr'><strong>eppendicibuo</strong></span> <span class='ocrx_word' id='word_1_56' title='bbox 1126 971 1222 1012; x_wconf 79' lang='lat' dir='ltr'><strong>anne·-</strong></span> 
     </span>
     <span class='ocr_line' id='line_1_8' title="bbox 129 1043 1222 1130; baseline 0.011 -26"><span class='ocrx_word' id='word_1_57' title='bbox 129 1043 483 1108; x_wconf 64' lang='lat' dir='ltr'><strong>emmerammus.</strong></span> <span class='ocrx_word' id='word_1_58' title='bbox 525 1043 651 1106; x_wconf 75' lang='lat' dir='ltr'><strong>Constat</strong></span> <span class='ocrx_word' id='word_1_59' title='bbox 671 1064 709 1104; x_wconf 87' lang='lat' dir='ltr'><strong>ex</strong></span> <span class='ocrx_word' id='word_1_60' title='bbox 721 1045 923 1108; x_wconf 74' lang='lat' dir='ltr'><strong>Bibliothecae</strong></span> <span class='ocrx_word' id='word_1_61' title='bbox 937 1052 1146 1130; x_wconf 73' lang='lat' dir='ltr'><strong>Segnior-ianne</strong></span> <span class='ocrx_word' id='word_1_62' title='bbox 1169 1075 1222 1115; x_wconf 88' lang='lat' dir='ltr'><strong>ce-</strong></span> 
     </span>
     <span class='ocr_line' id='line_1_9' title="bbox 28 1144 1223 1235; baseline 0.005 -25"><span class='ocrx_word' id='word_1_63' title='bbox 28 1183 29 1194; x_wconf 55' lang='lat'>2</span> <span class='ocrx_word' id='word_1_64' title='bbox 128 1149 232 1227; x_wconf 78' lang='lat' dir='ltr'><strong>telogo,</strong></span> <span class='ocrx_word' id='word_1_65' title='bbox 250 1156 358 1210; x_wconf 80' lang='lat' dir='ltr'><strong>extero</strong></span> <span class='ocrx_word' id='word_1_66' title='bbox 374 1145 458 1222; x_wconf 88' lang='lat' dir='ltr'><strong>illic,</strong></span> <span class='ocrx_word' id='word_1_67' title='bbox 478 1144 560 1208; x_wconf 90' lang='lat' dir='ltr'><strong>inter</strong></span> <span class='ocrx_word' id='word_1_68' title='bbox 581 1146 700 1208; x_wconf 86' lang='lat' dir='ltr'><strong>codicee</strong></span> <span class='ocrx_word' id='word_1_69' title='bbox 722 1149 942 1232; x_wconf 76' lang='lat' dir='ltr'><strong>manuscriptos</strong></span> <span class='ocrx_word' id='word_1_70' title='bbox 956 1153 1223 1235; x_wconf 76' lang='lat' dir='ltr'><strong>Graecoe,·Nc&#39;ce-</strong></span> 
     </span>
     <span class='ocr_line' id='line_1_10' title="bbox 122 1248 1224 1332; baseline 0.005 -22"><span class='ocrx_word' id='word_1_71' title='bbox 122 1251 208 1332; x_wconf 76' lang='lat' dir='ltr'><strong>pltoru&#39;</strong></span> <span class='ocrx_word' id='word_1_72' title='bbox 233 1251 389 1332; x_wconf 64' lang='lat' dir='ltr'><strong>Syttlasin</strong></span> <span class='ocrx_word' id='word_1_73' title='bbox 416 1248 565 1310; x_wconf 76' lang='lat' dir='ltr'><strong>ltt&#39;elorc&#39;ae</strong></span> <span class='ocrx_word' id='word_1_74' title='bbox 592 1249 770 1328; x_wconf 79' lang='lat' dir='ltr'><strong>Romanae,</strong></span> <span class='ocrx_word' id='word_1_75' title='bbox 809 1271 879 1314; x_wconf 82' lang='lat' dir='ltr'><strong>cum</strong></span> <span class='ocrx_word' id='word_1_76' title='bbox 906 1253 1059 1320; x_wconf 72' lang='lat' dir='ltr'><strong>Chronico</strong></span> <span class='ocrx_word' id='word_1_77' title='bbox 1087 1259 1224 1322; x_wconf 75' lang='lat' dir='ltr'><strong>Zoneree</strong></span> 
     </span>
     <span class='ocr_line' id='line_1_11' title="bbox 127 1350 1224 1443; baseline 0.009 -29"><span class='ocrx_word' id='word_1_78' title='bbox 127 1354 321 1414; x_wconf 80' lang='lat' dir='ltr'><strong>coniunctam.</strong></span> <span class='ocrx_word' id='word_1_79' title='bbox 362 1353 441 1416; x_wconf 80' lang='lat' dir='ltr'><strong>Eum</strong></span> <span class='ocrx_word' id='word_1_80' title='bbox 460 1351 594 1414; x_wconf 89' lang='lat' dir='ltr'><strong>codicem</strong></span> <span class='ocrx_word' id='word_1_81' title='bbox 600 1395 611 1431; x_wconf 89' lang='lat'><strong>,</strong></span> <span class='ocrx_word' id='word_1_82' title='bbox 640 1350 674 1412; x_wconf 90' lang='lat' dir='ltr'><strong>in</strong></span> <span class='ocrx_word' id='word_1_83' title='bbox 695 1371 757 1434; x_wconf 84' lang='lat' dir='ltr'><strong>quo</strong></span> <span class='ocrx_word' id='word_1_84' title='bbox 776 1351 871 1418; x_wconf 78' lang='lat' dir='ltr'><strong>libror</strong></span> <span class='ocrx_word' id='word_1_85' title='bbox 889 1357 1054 1441; x_wconf 86' lang='lat' dir='ltr'><strong>Nicephori</strong></span> <span class='ocrx_word' id='word_1_86' title='bbox 1072 1363 1224 1443; x_wconf 86' lang='lat' dir='ltr'><strong>Gregorne</strong></span> 
     </span>
     <span class='ocr_line' id='line_1_12' title="bbox 124 1453 1224 1541; baseline -0.005 -23"><span class='ocrx_word' id='word_1_87' title='bbox 124 1456 256 1518; x_wconf 79' lang='lat' dir='ltr'><strong>undecim</strong></span> <span class='ocrx_word' id='word_1_88' title='bbox 270 1455 388 1538; x_wconf 76' lang='lat' dir='ltr'><strong>priores</strong></span> <span class='ocrx_word' id='word_1_89' title='bbox 399 1456 508 1518; x_wconf 78' lang='lat' dir='ltr'><strong>titulun</strong></span> <span class='ocrx_word' id='word_1_90' title='bbox 522 1453 588 1537; x_wconf 84' lang='lat' dir='ltr'><strong>ipre</strong></span> <span class='ocrx_word' id='word_1_91' title='bbox 600 1453 750 1517; x_wconf 83' lang='lat' dir='ltr'><strong>contineri</strong></span> <span class='ocrx_word' id='word_1_92' title='bbox 763 1455 880 1538; x_wconf 86' lang='lat' dir='ltr'><strong>innuit,</strong></span> <span class='ocrx_word' id='word_1_93' title='bbox 902 1479 1012 1541; x_wconf 69' lang='lat' dir='ltr'><strong>operae</strong></span> <span class='ocrx_word' id='word_1_94' title='bbox 1026 1463 1132 1526; x_wconf 63' lang='lat' dir='ltr'><strong>fuisset</strong></span> <span class='ocrx_word' id='word_1_95' title='bbox 1145 1483 1224 1524; x_wconf 84' lang='lat' dir='ltr'><strong>con-</strong></span> 
     </span>
     <span class='ocr_line' id='line_1_13' title="bbox 124 1555 1224 1644; baseline 0.007 -24"><span class='ocrx_word' id='word_1_96' title='bbox 124 1560 195 1622; x_wconf 81' lang='lat' dir='ltr'><strong>turc</strong></span> <span class='ocrx_word' id='word_1_97' title='bbox 206 1579 281 1620; x_wconf 81' lang='lat' dir='ltr'><strong>curn</strong></span> <span class='ocrx_word' id='word_1_98' title='bbox 291 1557 454 1644; x_wconf 81' lang='lat' dir='ltr'><strong>impreoeie.</strong></span> <span class='ocrx_word' id='word_1_99' title='bbox 498 1559 557 1622; x_wconf 85' lang='lat' dir='ltr'><strong>Sed</strong></span> <span class='ocrx_word' id='word_1_100' title='bbox 570 1555 646 1620; x_wconf 86' lang='lat' dir='ltr'><strong>mihi</strong></span> <span class='ocrx_word' id='word_1_101' title='bbox 657 1557 699 1622; x_wconf 86' lang='lat' dir='ltr'><strong>ed</strong></span> <span class='ocrx_word' id='word_1_102' title='bbox 711 1578 777 1620; x_wconf 82' lang='lat' dir='ltr'><strong>eam</strong></span> <span class='ocrx_word' id='word_1_103' title='bbox 793 1559 1013 1628; x_wconf 82' lang='lat' dir='ltr'><strong>Bibliothecem</strong></span> <span class='ocrx_word' id='word_1_104' title='bbox 1027 1565 1128 1628; x_wconf 72' lang='lat' dir='ltr'><strong>editus</strong></span> <span class='ocrx_word' id='word_1_105' title='bbox 1140 1585 1224 1630; x_wconf 84' lang='lat' dir='ltr'><strong>non-</strong></span> 
     </span>
     <span class='ocr_line' id='line_1_14' title="bbox 124 1661 313 1746; baseline 0.011 -24"><span class='ocrx_word' id='word_1_106' title='bbox 124 1661 188 1724; x_wconf 83' lang='lat' dir='ltr'><strong>dum</strong></span> <span class='ocrx_word' id='word_1_107' title='bbox 201 1661 313 1746; x_wconf 77' lang='lat' dir='ltr'><strong>patuit.</strong></span> 
     </span>
    </p>

    <p class='ocr_par' dir='ltr' id='par_1_3' title="bbox 120 1765 1230 4113">
     <span class='ocr_line' id='line_1_15' title="bbox 197 1765 1223 1853; baseline 0.004 -25"><span class='ocrx_word' id='word_1_108' title='bbox 197 1766 339 1828; x_wconf 84' lang='lat' dir='ltr'><strong>Latinam</strong></span> <span class='ocrx_word' id='word_1_109' title='bbox 362 1765 659 1850; x_wconf 75' lang='lat' dir='ltr'><strong>interpretationem,</strong></span> <span class='ocrx_word' id='word_1_110' title='bbox 686 1765 774 1830; x_wconf 81' lang='lat' dir='ltr'><strong>cuiue</strong></span> <span class='ocrx_word' id='word_1_111' title='bbox 797 1778 904 1834; x_wconf 87' lang='lat' dir='ltr'><strong>euotoa·</strong></span> <span class='ocrx_word' id='word_1_112' title='bbox 927 1781 1005 1836; x_wconf 86' lang='lat' dir='ltr'><strong>eeeet</strong></span> <span class='ocrx_word' id='word_1_113' title='bbox 1020 1769 1223 1853; x_wconf 74' lang='lat' dir='ltr'><strong>Hieronymus</strong></span> 
     </span>
     <span class='ocr_line' id='line_1_16' title="bbox 124 1867 1224 1952; baseline 0.005 -24"><span class='ocrx_word' id='word_1_114' title='bbox 124 1867 263 1947; x_wconf 83' lang='lat' dir='ltr'><strong>Wolliur,</strong></span> <span class='ocrx_word' id='word_1_115' title='bbox 290 1889 432 1950; x_wconf 80' lang='lat' dir='ltr'><strong>mgnum</strong></span> <span class='ocrx_word' id='word_1_116' title='bbox 448 1868 530 1952; x_wconf 92' lang='lat' dir='ltr'><strong>apud</strong></span> <span class='ocrx_word' id='word_1_117' title='bbox 548 1869 683 1932; x_wconf 81' lang='lat' dir='ltr'><strong>emditoe</strong></span> <span class='ocrx_word' id='word_1_118' title='bbox 704 1892 834 1952; x_wconf 86' lang='lat' dir='ltr'><strong>nomen,</strong></span> <span class='ocrx_word' id='word_1_119' title='bbox 854 1874 1002 1936; x_wconf 70' lang='lat' dir='ltr'><strong>sincerem</strong></span> <span class='ocrx_word' id='word_1_120' title='bbox 1026 1885 1058 1937; x_wconf 90' lang='lat' dir='ltr'><strong>et</strong></span> <span class='ocrx_word' id='word_1_121' title='bbox 1078 1875 1224 1936; x_wconf 73' lang='lat' dir='ltr'><strong>intectum</strong></span> 
     </span>
     <span class='ocr_line' id='line_1_17' title="bbox 124 1969 1225 2055; baseline 0.007 -25"><span class='ocrx_word' id='word_1_122' title='bbox 124 1991 232 2033; x_wconf 73' lang='lat' dir='ltr'><strong>cummi</strong></span> <span class='ocrx_word' id='word_1_123' title='bbox 242 1972 309 2034; x_wconf 84' lang='lat' dir='ltr'><strong>fide</strong></span> <span class='ocrx_word' id='word_1_124' title='bbox 319 1981 542 2055; x_wconf 77' lang='lat' dir='ltr'><strong>repraesentare</strong></span> <span class='ocrx_word' id='word_1_125' title='bbox 551 1969 640 2034; x_wconf 86' lang='lat' dir='ltr'><strong>initio</strong></span> <span class='ocrx_word' id='word_1_126' title='bbox 653 1973 859 2040; x_wconf 75' lang='lat' dir='ltr'><strong>decreveram:</strong></span> <span class='ocrx_word' id='word_1_127' title='bbox 878 1978 997 2038; x_wconf 75' lang='lat' dir='ltr'><strong>concilii</strong></span> <span class='ocrx_word' id='word_1_128' title='bbox 1012 1976 1122 2047; x_wconf 83' lang='lat' dir='ltr'><strong>deinde</strong></span> <span class='ocrx_word' id='word_1_129' title='bbox 1134 1975 1225 2038; x_wconf 89' lang='lat' dir='ltr'><strong>huiue</strong></span> 
     </span>
     <span class='ocr_line' id='line_1_18' title="bbox 123 2075 1225 2160; baseline 0.004 -26"><span class='ocrx_word' id='word_1_130' title='bbox 123 2075 253 2138; x_wconf 82' lang='lat' dir='ltr'><strong>mutandi</strong></span> <span class='ocrx_word' id='word_1_131' title='bbox 270 2094 375 2136; x_wconf 75' lang='lat' dir='ltr'><strong>ceurae</strong></span> <span class='ocrx_word' id='word_1_132' title='bbox 391 2076 495 2157; x_wconf 84' lang='lat' dir='ltr'><strong>pluree</strong></span> <span class='ocrx_word' id='word_1_133' title='bbox 505 2075 638 2140; x_wconf 80' lang='lat' dir='ltr'><strong>fuerunt.</strong></span> <span class='ocrx_word' id='word_1_134' title='bbox 681 2077 828 2158; x_wconf 75' lang='lat' dir='ltr'><strong>Gregorio</strong></span> <span class='ocrx_word' id='word_1_135' title='bbox 853 2080 1026 2160; x_wconf 86' lang='lat' dir='ltr'><strong>multiiugae</strong></span> <span class='ocrx_word' id='word_1_136' title='bbox 1046 2078 1225 2142; x_wconf 85' lang='lat' dir='ltr'><strong>eruditionie</strong></span> 
     </span>
     <span class='ocr_line' id='line_1_19' title="bbox 124 2176 1226 2264; baseline 0.004 -24"><span class='ocrx_word' id='word_1_137' title='bbox 124 2180 232 2240; x_wconf 80' lang='lat' dir='ltr'><strong>etertie</strong></span> <span class='ocrx_word' id='word_1_138' title='bbox 247 2176 421 2242; x_wconf 81' lang='lat' dir='ltr'><strong>rhetoricee</strong></span> <span class='ocrx_word' id='word_1_139' title='bbox 431 2185 600 2242; x_wconf 77' lang='lat' dir='ltr'><strong>ostentator</strong></span> <span class='ocrx_word' id='word_1_140' title='bbox 612 2198 701 2262; x_wconf 81' lang='lat' dir='ltr'><strong>caepe</strong></span> <span class='ocrx_word' id='word_1_141' title='bbox 714 2179 834 2242; x_wconf 79' lang='lat' dir='ltr'><strong>aberret</strong></span> <span class='ocrx_word' id='word_1_142' title='bbox 854 2183 1059 2264; x_wconf 83' lang='lat' dir='ltr'><strong>eproporito,</strong></span> <span class='ocrx_word' id='word_1_143' title='bbox 1080 2192 1111 2246; x_wconf 86' lang='lat' dir='ltr'><strong>et</strong></span> <span class='ocrx_word' id='word_1_144' title='bbox 1130 2183 1170 2244; x_wconf 90' lang='lat' dir='ltr'><strong>ad</strong></span> <span class='ocrx_word' id='word_1_145' title='bbox 1191 2201 1226 2244; x_wconf 93' lang='lat' dir='ltr'><strong>ea</strong></span> 
     </span>
     <span class='ocr_line' id='line_1_20' title="bbox 124 2280 1226 2368; baseline 0.006 -26"><span class='ocrx_word' id='word_1_146' title='bbox 124 2301 193 2362; x_wconf 81' lang='lat' dir='ltr'><strong>quae</strong></span> <span class='ocrx_word' id='word_1_147' title='bbox 205 2299 319 2364; x_wconf 80' lang='lat' dir='ltr'><strong>perum</strong></span> <span class='ocrx_word' id='word_1_148' title='bbox 329 2290 384 2344; x_wconf 86' lang='lat' dir='ltr'><strong>eut</strong></span> <span class='ocrx_word' id='word_1_149' title='bbox 398 2280 476 2342; x_wconf 90' lang='lat' dir='ltr'><strong>nihil</strong></span> <span class='ocrx_word' id='word_1_150' title='bbox 491 2280 531 2342; x_wconf 86' lang='lat' dir='ltr'><strong>ed</strong></span> <span class='ocrx_word' id='word_1_151' title='bbox 545 2300 610 2342; x_wconf 87' lang='lat' dir='ltr'><strong>rem</strong></span> <span class='ocrx_word' id='word_1_152' title='bbox 627 2281 781 2362; x_wconf 84' lang='lat' dir='ltr'><strong>pertinent</strong></span> <span class='ocrx_word' id='word_1_153' title='bbox 794 2283 973 2363; x_wconf 84' lang='lat' dir='ltr'><strong>digreditur·</strong></span> <span class='ocrx_word' id='word_1_154' title='bbox 1014 2287 1051 2348; x_wconf 92' lang='lat' dir='ltr'><strong>ln</strong></span> <span class='ocrx_word' id='word_1_155' title='bbox 1063 2285 1102 2347; x_wconf 74' lang='lat' dir='ltr'><strong>iic</strong></span> <span class='ocrx_word' id='word_1_156' title='bbox 1116 2283 1226 2368; x_wconf 79' lang='lat' dir='ltr'><strong>nnplp-</strong></span> 
     </span>
     <span class='ocr_line' id='line_1_21' title="bbox 122 2382 1226 2469; baseline 0 -21"><span class='ocrx_word' id='word_1_157' title='bbox 122 2383 304 2468; x_wconf 70' lang='lat' dir='ltr'><strong>porcmirum</strong></span> <span class='ocrx_word' id='word_1_158' title='bbox 319 2393 366 2446; x_wconf 81' lang='lat' dir='ltr'><strong>eet</strong></span> <span class='ocrx_word' id='word_1_159' title='bbox 379 2403 469 2466; x_wconf 85' lang='lat' dir='ltr'><strong>quem</strong></span> <span class='ocrx_word' id='word_1_160' title='bbox 485 2383 526 2444; x_wconf 83' lang='lat' dir='ltr'><strong>eit</strong></span> <span class='ocrx_word' id='word_1_161' title='bbox 538 2382 695 2446; x_wconf 79' lang='lat' dir='ltr'><strong>verhoeur.</strong></span> <span class='ocrx_word' id='word_1_162' title='bbox 718 2383 909 2468; x_wconf 85' lang='lat' dir='ltr'><strong>EeWoliiue,</strong></span> <span class='ocrx_word' id='word_1_163' title='bbox 923 2389 1012 2452; x_wconf 83' lang='lat' dir='ltr'><strong>rehuo</strong></span> <span class='ocrx_word' id='word_1_164' title='bbox 1027 2389 1121 2468; x_wconf 77' lang='lat' dir='ltr'><strong>megin</strong></span> <span class='ocrx_word' id='word_1_165' title='bbox 1135 2407 1226 2469; x_wconf 78' lang='lat' dir='ltr'><strong>quem</strong></span> 
     </span>
     <span class='ocr_line' id='line_1_22' title="bbox 122 2485 1226 2571; baseline 0.004 -23"><span class='ocrx_word' id='word_1_166' title='bbox 122 2488 216 2558; x_wconf 80' lang='lat' dir='ltr'><strong>uerhie</strong></span> <span class='ocrx_word' id='word_1_167' title='bbox 236 2488 393 2564; x_wconf 88' lang='lat' dir='ltr'><strong>intentue,</strong></span> <span class='ocrx_word' id='word_1_168' title='bbox 414 2485 556 2548; x_wconf 81' lang='lat' dir='ltr'><strong>breviora</strong></span> <span class='ocrx_word' id='word_1_169' title='bbox 580 2487 680 2548; x_wconf 85' lang='lat' dir='ltr'><strong>fecere</strong></span> <span class='ocrx_word' id='word_1_170' title='bbox 698 2489 824 2550; x_wconf 68' lang='lat' dir='ltr'><strong>studuit.</strong></span> <span class='ocrx_word' id='word_1_171' title='bbox 865 2489 970 2571; x_wconf 76' lang='lat' dir='ltr'><strong>loque</strong></span> <span class='ocrx_word' id='word_1_172' title='bbox 993 2501 1024 2553; x_wconf 88' lang='lat' dir='ltr'><strong>et</strong></span> <span class='ocrx_word' id='word_1_173' title='bbox 1038 2489 1226 2552; x_wconf 73' lang='lat' dir='ltr'><strong>luxuriantia</strong></span> 
     </span>
     <span class='ocr_line' id='line_1_23' title="bbox 122 2587 1227 2674; baseline 0.002 -22"><span class='ocrx_word' id='word_1_174' title='bbox 122 2589 318 2674; x_wconf 70' lang='lat' dir='ltr'><strong>compescuit,</strong></span> <span class='ocrx_word' id='word_1_175' title='bbox 339 2597 459 2669; x_wconf 87' lang='lat' dir='ltr'><strong>etquee</strong></span> <span class='ocrx_word' id='word_1_176' title='bbox 471 2587 596 2650; x_wconf 83' lang='lat' dir='ltr'><strong>omniuo</strong></span> <span class='ocrx_word' id='word_1_177' title='bbox 614 2589 827 2652; x_wconf 82' lang='lat' dir='ltr'><strong>redtmdehent</strong></span> <span class='ocrx_word' id='word_1_178' title='bbox 846 2593 1021 2674; x_wconf 71' lang='lat' dir='ltr'><strong>suppreoeit.</strong></span> <span class='ocrx_word' id='word_1_179' title='bbox 1063 2593 1127 2672; x_wconf 87' lang='lat' dir='ltr'><strong>Ego</strong></span> <span class='ocrx_word' id='word_1_180' title='bbox 1151 2612 1227 2654; x_wconf 80' lang='lat' dir='ltr'><strong>vero</strong></span> 
     </span>
     <span class='ocr_line' id='line_1_24' title="bbox 122 2691 1228 2775; baseline -0.002 -19"><span class='ocrx_word' id='word_1_181' title='bbox 122 2695 271 2758; x_wconf 75' lang='lat' dir='ltr'><strong>lacten-nm</strong></span> <span class='ocrx_word' id='word_1_182' title='bbox 282 2711 332 2756; x_wconf 91' lang='lat' dir='ltr'><strong>me</strong></span> <span class='ocrx_word' id='word_1_183' title='bbox 346 2710 456 2773; x_wconf 72' lang='lat' dir='ltr'><strong>operae</strong></span> <span class='ocrx_word' id='word_1_184' title='bbox 471 2691 606 2772; x_wconf 83' lang='lat' dir='ltr'><strong>pretinm</strong></span> <span class='ocrx_word' id='word_1_185' title='bbox 626 2693 752 2775; x_wconf 81' lang='lat' dir='ltr'><strong>putavi,</strong></span> <span class='ocrx_word' id='word_1_186' title='bbox 774 2693 802 2754; x_wconf 84' lang='lat' dir='ltr'><strong>ei</strong></span> <span class='ocrx_word' id='word_1_187' title='bbox 820 2695 954 2756; x_wconf 77' lang='lat' dir='ltr'><strong>auctorit</strong></span> <span class='ocrx_word' id='word_1_188' title='bbox 969 2694 1078 2756; x_wconf 73' lang='lat' dir='ltr'><strong>Graeci</strong></span> <span class='ocrx_word' id='word_1_189' title='bbox 1094 2694 1228 2774; x_wconf 86' lang='lat' dir='ltr'><strong>veetigiia</strong></span> 
     </span>
     <span class='ocr_line' id='line_1_25' title="bbox 120 2792 1227 2874; baseline -0.001 -16"><span class='ocrx_word' id='word_1_190' title='bbox 120 2797 321 2874; x_wconf 75' lang='lat' dir='ltr'><strong>inhaererem,</strong></span> <span class='ocrx_word' id='word_1_191' title='bbox 342 2803 435 2874; x_wconf 79' lang='lat' dir='ltr'><strong>etque</strong></span> <span class='ocrx_word' id='word_1_192' title='bbox 448 2792 512 2856; x_wconf 87' lang='lat' dir='ltr'><strong>eine</strong></span> <span class='ocrx_word' id='word_1_193' title='bbox 527 2793 620 2858; x_wconf 84' lang='lat' dir='ltr'><strong>verbe</strong></span> <span class='ocrx_word' id='word_1_194' title='bbox 630 2795 813 2874; x_wconf 81' lang='lat' dir='ltr'><strong>lectorihuo,</strong></span> <span class='ocrx_word' id='word_1_195' title='bbox 834 2795 861 2857; x_wconf 79' lang='lat' dir='ltr'><strong>oi</strong></span> <span class='ocrx_word' id='word_1_196' title='bbox 874 2795 975 2858; x_wconf 82' lang='lat' dir='ltr'><strong>minue</strong></span> <span class='ocrx_word' id='word_1_197' title='bbox 987 2815 1227 2874; x_wconf 82' lang='lat' dir='ltr'><strong>ennumemrem,</strong></span> 
     </span>
     <span class='ocr_line' id='line_1_26' title="bbox 121 2895 1227 2982; baseline -0.004 -20"><span class='ocrx_word' id='word_1_198' title='bbox 121 2901 222 2962; x_wconf 74' lang='lat' dir='ltr'><strong>altem</strong></span> <span class='ocrx_word' id='word_1_199' title='bbox 240 2895 382 2982; x_wconf 80' lang='lat' dir='ltr'><strong>religioee</strong></span> <span class='ocrx_word' id='word_1_200' title='bbox 393 2905 426 2960; x_wconf 87' lang='lat' dir='ltr'><strong>et</strong></span> <span class='ocrx_word' id='word_1_201' title='bbox 436 2896 567 2960; x_wconf 86' lang='lat' dir='ltr'><strong>fideliter</strong></span> <span class='ocrx_word' id='word_1_202' title='bbox 580 2897 800 2980; x_wconf 65' lang='lat' dir='ltr'><strong>appenderem</strong></span> <span class='ocrx_word' id='word_1_203' title='bbox 821 2919 917 2980; x_wconf 75' lang='lat' dir='ltr'><strong>quie,</strong></span> <span class='ocrx_word' id='word_1_204' title='bbox 937 2909 974 2962; x_wconf 90' lang='lat' dir='ltr'><strong>ut</strong></span> <span class='ocrx_word' id='word_1_205' title='bbox 992 2897 1103 2981; x_wconf 89' lang='lat' dir='ltr'><strong>opinor</strong></span> <span class='ocrx_word' id='word_1_206' title='bbox 1108 2943 1119 2976; x_wconf 93' lang='lat'><em>,</em></span> <span class='ocrx_word' id='word_1_207' title='bbox 1141 2898 1227 2981; x_wconf 88' lang='lat' dir='ltr'><strong>opti-</strong></span> 
     </span>
     <span class='ocr_line' id='line_1_27' title="bbox 122 2999 1228 3083; baseline 0.002 -21"><span class='ocrx_word' id='word_1_208' title='bbox 122 3021 166 3062; x_wconf 83' lang='lat' dir='ltr'><strong>rna</strong></span> <span class='ocrx_word' id='word_1_209' title='bbox 178 3013 223 3066; x_wconf 75' lang='lat' dir='ltr'><strong>eet</strong></span> <span class='ocrx_word' id='word_1_210' title='bbox 233 3001 317 3066; x_wconf 72' lang='lat' dir='ltr'><strong>ratio</strong></span> <span class='ocrx_word' id='word_1_211' title='bbox 329 3000 560 3083; x_wconf 76' lang='lat' dir='ltr'><strong>interpretandi.</strong></span> <span class='ocrx_word' id='word_1_212' title='bbox 594 2999 632 3062; x_wconf 89' lang='lat' dir='ltr'><strong>ln</strong></span> <span class='ocrx_word' id='word_1_213' title='bbox 644 3000 823 3081; x_wconf 74' lang='lat' dir='ltr'><strong>quibusdum</strong></span> <span class='ocrx_word' id='word_1_214' title='bbox 840 3002 932 3064; x_wconf 87' lang='lat' dir='ltr'><strong>etiem</strong></span> <span class='ocrx_word' id='word_1_215' title='bbox 947 3023 965 3062; x_wconf 93' lang='lat' dir='ltr'><strong>a</strong></span> <span class='ocrx_word' id='word_1_216' title='bbox 982 3023 1057 3066; x_wconf 83' lang='lat' dir='ltr'><strong>vero</strong></span> <span class='ocrx_word' id='word_1_217' title='bbox 1070 3021 1159 3064; x_wconf 87' lang='lat' dir='ltr'><strong>eenan</strong></span> <span class='ocrx_word' id='word_1_218' title='bbox 1172 3001 1228 3064; x_wconf 86' lang='lat' dir='ltr'><strong>de-</strong></span> 
     </span>
     <span class='ocr_line' id='line_1_28' title="bbox 122 3083 1228 3186; baseline -0.002 -20"><span class='ocrx_word' id='word_1_219' title='bbox 122 3105 238 3168; x_wconf 81' lang='lat' dir='ltr'><strong>llexieee</strong></span> <span class='ocrx_word' id='word_1_220' title='bbox 250 3103 328 3168; x_wconf 89' lang='lat' dir='ltr'><strong>mihi</strong></span> <span class='ocrx_word' id='word_1_221' title='bbox 340 3102 425 3166; x_wconf 83' lang='lat' dir='ltr'><strong>viena</strong></span> <span class='ocrx_word' id='word_1_222' title='bbox 438 3111 485 3166; x_wconf 83' lang='lat' dir='ltr'><strong>eet</strong></span> <span class='ocrx_word' id='word_1_223' title='bbox 499 3083 648 3186; x_wconf 51' lang='lat' dir='ltr'><strong>interpres</strong></span> <span class='ocrx_word' id='word_1_224' title='bbox 668 3103 877 3182; x_wconf 81' lang='lat' dir='ltr'><strong>doctieeimue3</strong></span> <span class='ocrx_word' id='word_1_225' title='bbox 899 3116 954 3166; x_wconf 82' lang='lat' dir='ltr'><strong>eut</strong></span> <span class='ocrx_word' id='word_1_226' title='bbox 972 3103 1151 3166; x_wconf 75' lang='lat' dir='ltr'><strong>sententiam</strong></span> <span class='ocrx_word' id='word_1_227' title='bbox 1169 3123 1228 3164; x_wconf 87' lang='lat' dir='ltr'><strong>eu·</strong></span> 
     </span>
     <span class='ocr_line' id='line_1_29' title="bbox 122 3203 1228 3288; baseline -0.001 -19"><span class='ocrx_word' id='word_1_228' title='bbox 122 3208 211 3270; x_wconf 82' lang='lat' dir='ltr'><strong>ctorie</strong></span> <span class='ocrx_word' id='word_1_229' title='bbox 225 3207 357 3272; x_wconf 69' lang='lat' dir='ltr'><strong>obceno</strong></span> <span class='ocrx_word' id='word_1_230' title='bbox 369 3217 401 3270; x_wconf 91' lang='lat' dir='ltr'><strong>et</strong></span> <span class='ocrx_word' id='word_1_231' title='bbox 416 3214 556 3270; x_wconf 84' lang='lat' dir='ltr'><strong>contorte</strong></span> <span class='ocrx_word' id='word_1_232' title='bbox 576 3206 765 3288; x_wconf 82' lang='lat' dir='ltr'><strong>exprearieae.</strong></span> <span class='ocrx_word' id='word_1_233' title='bbox 806 3205 891 3268; x_wconf 89' lang='lat' dir='ltr'><strong>Nihil</strong></span> <span class='ocrx_word' id='word_1_234' title='bbox 913 3204 984 3268; x_wconf 88' lang='lat' dir='ltr'><strong>dico</strong></span> <span class='ocrx_word' id='word_1_235' title='bbox 1004 3207 1043 3269; x_wconf 89' lang='lat' dir='ltr'><strong>de</strong></span> <span class='ocrx_word' id='word_1_236' title='bbox 1060 3203 1228 3268; x_wconf 89' lang='lat' dir='ltr'><strong>minoribua</strong></span> 
     </span>
     <span class='ocr_line' id='line_1_30' title="bbox 121 3307 1229 3394; baseline -0.002 -22"><span class='ocrx_word' id='word_1_237' title='bbox 121 3311 216 3387; x_wconf 70' lang='lat' dir='ltr'><strong>vitiis,</strong></span> <span class='ocrx_word' id='word_1_238' title='bbox 237 3311 350 3394; x_wconf 82' lang='lat' dir='ltr'><strong>quihne</strong></span> <span class='ocrx_word' id='word_1_239' title='bbox 360 3311 481 3373; x_wconf 89' lang='lat' dir='ltr'><strong>nullum</strong></span> <span class='ocrx_word' id='word_1_240' title='bbox 494 3327 586 3392; x_wconf 84' lang='lat' dir='ltr'><strong>opne,</strong></span> <span class='ocrx_word' id='word_1_241' title='bbox 607 3307 804 3390; x_wconf 75' lang='lat' dir='ltr'><strong>quantumvie</strong></span> <span class='ocrx_word' id='word_1_242' title='bbox 819 3317 934 3372; x_wconf 79' lang='lat' dir='ltr'><strong>ternum</strong></span> <span class='ocrx_word' id='word_1_243' title='bbox 953 3318 984 3370; x_wconf 91' lang='lat' dir='ltr'><strong>et</strong></span> <span class='ocrx_word' id='word_1_244' title='bbox 998 3309 1154 3388; x_wconf 76' lang='lat' dir='ltr'><strong>limatum,</strong></span> <span class='ocrx_word' id='word_1_245' title='bbox 1174 3327 1229 3370; x_wconf 86' lang='lat' dir='ltr'><strong>ce·</strong></span> 
     </span>
     <span class='ocr_line' id='line_1_31' title="bbox 122 3409 1228 3496; baseline -0.003 -19"><span class='ocrx_word' id='word_1_246' title='bbox 122 3433 185 3477; x_wconf 87' lang='lat' dir='ltr'><strong>rere</strong></span> <span class='ocrx_word' id='word_1_247' title='bbox 198 3414 324 3476; x_wconf 88' lang='lat' dir='ltr'><strong>omnino</strong></span> <span class='ocrx_word' id='word_1_248' title='bbox 337 3420 453 3496; x_wconf 72' lang='lat' dir='ltr'><strong>potente</strong></span> <span class='ocrx_word' id='word_1_249' title='bbox 474 3431 552 3493; x_wconf 79' lang='lat' dir='ltr'><strong>quoe</strong></span> <span class='ocrx_word' id='word_1_250' title='bbox 565 3409 685 3494; x_wconf 84' lang='lat' dir='ltr'><strong>quidem</strong></span> <span class='ocrx_word' id='word_1_251' title='bbox 700 3411 775 3474; x_wconf 80' lang='lat' dir='ltr'><strong>vitio</strong></span> <span class='ocrx_word' id='word_1_252' title='bbox 789 3420 827 3474; x_wconf 87' lang='lat' dir='ltr'><strong>ut</strong></span> <span class='ocrx_word' id='word_1_253' title='bbox 834 3412 1011 3494; x_wconf 85' lang='lat' dir='ltr'><strong>plerumque</strong></span> <span class='ocrx_word' id='word_1_254' title='bbox 1023 3431 1080 3474; x_wconf 79' lang='lat' dir='ltr'><strong>nor</strong></span> <span class='ocrx_word' id='word_1_255' title='bbox 1092 3411 1126 3474; x_wconf 89' lang='lat' dir='ltr'><strong>in</strong></span> <span class='ocrx_word' id='word_1_256' title='bbox 1137 3412 1228 3474; x_wconf 89' lang='lat' dir='ltr'><strong>lucu-</strong></span> 
     </span>
     <span class='ocr_line' id='line_1_32' title="bbox 122 3513 1228 3597; baseline 0 -20"><span class='ocrx_word' id='word_1_257' title='bbox 122 3515 308 3580; x_wconf 78' lang='lat' dir='ltr'><strong>hmtionibur</strong></span> <span class='ocrx_word' id='word_1_258' title='bbox 325 3513 440 3578; x_wconf 83' lang='lat' dir='ltr'><strong>noattie</strong></span> <span class='ocrx_word' id='word_1_259' title='bbox 459 3513 585 3595; x_wconf 82' lang='lat' dir='ltr'><strong>idiunt,</strong></span> <span class='ocrx_word' id='word_1_260' title='bbox 614 3514 659 3577; x_wconf 81' lang='lat' dir='ltr'><strong>ite</strong></span> <span class='ocrx_word' id='word_1_261' title='bbox 681 3513 715 3576; x_wconf 90' lang='lat' dir='ltr'><strong>in</strong></span> <span class='ocrx_word' id='word_1_262' title='bbox 742 3513 847 3578; x_wconf 82' lang='lat' dir='ltr'><strong>elienie</strong></span> <span class='ocrx_word' id='word_1_263' title='bbox 865 3515 921 3577; x_wconf 82' lang='lat' dir='ltr'><strong>vix</strong></span> <span class='ocrx_word' id='word_1_264' title='bbox 941 3534 1076 3597; x_wconf 74' lang='lat' dir='ltr'><strong>unquam</strong></span> <span class='ocrx_word' id='word_1_265' title='bbox 1098 3513 1228 3596; x_wconf 84' lang='lat' dir='ltr'><strong>fugiunt.</strong></span> 
     </span>
     <span class='ocr_line' id='line_1_33' title="bbox 122 3615 1228 3702; baseline -0.001 -22"><span class='ocrx_word' id='word_1_266' title='bbox 122 3617 265 3702; x_wconf 81' lang='lat' dir='ltr'><strong>Equidem</strong></span> <span class='ocrx_word' id='word_1_267' title='bbox 279 3639 330 3681; x_wconf 81' lang='lat' dir='ltr'><strong>eon</strong></span> <span class='ocrx_word' id='word_1_268' title='bbox 343 3638 471 3690; x_wconf 78' lang='lat' dir='ltr'><strong>meroe,</strong></span> <span class='ocrx_word' id='word_1_269' title='bbox 495 3616 619 3700; x_wconf 87' lang='lat' dir='ltr'><strong>corpori</strong></span> <span class='ocrx_word' id='word_1_270' title='bbox 633 3615 770 3701; x_wconf 72' lang='lat' dir='ltr'><strong>altoque</strong></span> <span class='ocrx_word' id='word_1_271' title='bbox 785 3617 901 3700; x_wconf 89' lang='lat' dir='ltr'><strong>egregio</strong></span> <span class='ocrx_word' id='word_1_272' title='bbox 912 3617 1082 3701; x_wconf 74' lang='lat' dir='ltr'><strong>inspersos,</strong></span> <span class='ocrx_word' id='word_1_273' title='bbox 1102 3625 1140 3679; x_wconf 91' lang='lat' dir='ltr'><strong>nt</strong></span> <span class='ocrx_word' id='word_1_274' title='bbox 1159 3615 1228 3678; x_wconf 82' lang='lat' dir='ltr'><strong>exi-</strong></span> 
     </span>
     <span class='ocr_line' id='line_1_34' title="bbox 121 3711 1230 3806; baseline -0.003 -23"><span class='ocrx_word' id='word_1_275' title='bbox 121 3739 232 3783; x_wconf 85' lang='lat' dir='ltr'><strong>merem</strong></span> <span class='ocrx_word' id='word_1_276' title='bbox 242 3721 348 3783; x_wconf 83' lang='lat' dir='ltr'><strong>eedido</strong></span> <span class='ocrx_word' id='word_1_277' title='bbox 361 3742 482 3806; x_wconf 83' lang='lat' dir='ltr'><strong>opernm</strong></span> <span class='ocrx_word' id='word_1_278' title='bbox 495 3719 583 3783; x_wconf 82' lang='lat' dir='ltr'><strong>dedi:</strong></span> <span class='ocrx_word' id='word_1_279' title='bbox 603 3741 661 3783; x_wconf 88' lang='lat' dir='ltr'><strong>nec</strong></span> <span class='ocrx_word' id='word_1_280' title='bbox 673 3741 723 3784; x_wconf 87' lang='lat' dir='ltr'><strong>me</strong></span> <span class='ocrx_word' id='word_1_281' title='bbox 733 3740 767 3782; x_wconf 79' lang='lat' dir='ltr'><strong>en</strong></span> <span class='ocrx_word' id='word_1_282' title='bbox 780 3741 815 3783; x_wconf 88' lang='lat' dir='ltr'><strong>re</strong></span> <span class='ocrx_word' id='word_1_283' title='bbox 827 3711 972 3784; x_wconf 78' lang='lat' dir='ltr'><strong>iniuriam</strong></span> <span class='ocrx_word' id='word_1_284' title='bbox 986 3717 1098 3782; x_wconf 83' lang='lat' dir='ltr'><strong>Wolfio</strong></span> <span class='ocrx_word' id='word_1_285' title='bbox 1123 3718 1230 3780; x_wconf 81' lang='lat' dir='ltr'><strong>lecioee</strong></span> 
     </span>
     <span class='ocr_line' id='line_1_35' title="bbox 123 3821 1228 3903; baseline -0.001 -20"><span class='ocrx_word' id='word_1_286' title='bbox 123 3821 269 3903; x_wconf 75' lang='lat' dir='ltr'><strong>arbitror,</strong></span> <span class='ocrx_word' id='word_1_287' title='bbox 289 3823 344 3887; x_wconf 87' lang='lat' dir='ltr'><strong>eed</strong></span> <span class='ocrx_word' id='word_1_288' title='bbox 361 3823 398 3886; x_wconf 86' lang='lat' dir='ltr'><strong>de</strong></span> <span class='ocrx_word' id='word_1_289' title='bbox 417 3843 454 3886; x_wconf 90' lang='lat' dir='ltr'><strong>eo</strong></span> <span class='ocrx_word' id='word_1_290' title='bbox 473 3823 550 3886; x_wconf 89' lang='lat' dir='ltr'><strong>hene</strong></span> <span class='ocrx_word' id='word_1_291' title='bbox 565 3823 709 3886; x_wconf 76' lang='lat' dir='ltr'><strong>mertum</strong></span> <span class='ocrx_word' id='word_1_292' title='bbox 728 3823 778 3885; x_wconf 89' lang='lat' dir='ltr'><strong>eio</strong></span> <span class='ocrx_word' id='word_1_293' title='bbox 803 3831 836 3886; x_wconf 86' lang='lat' dir='ltr'><strong>et</strong></span> <span class='ocrx_word' id='word_1_294' title='bbox 856 3821 1018 3886; x_wconf 84' lang='lat' dir='ltr'><strong>contendo.</strong></span> <span class='ocrx_word' id='word_1_295' title='bbox 1059 3822 1124 3884; x_wconf 84' lang='lat' dir='ltr'><strong>Nec</strong></span> <span class='ocrx_word' id='word_1_296' title='bbox 1147 3823 1228 3882; x_wconf 89' lang='lat' dir='ltr'><strong>enim</strong></span> 
     </span>
     <span class='ocr_line' id='line_1_36' title="bbox 122 3923 1228 4010; baseline 0.001 -24"><span class='ocrx_word' id='word_1_297' title='bbox 122 3925 192 4006; x_wconf 78' lang='lat' dir='ltr'><strong>quie</strong></span> <span class='ocrx_word' id='word_1_298' title='bbox 209 3926 300 3989; x_wconf 88' lang='lat' dir='ltr'><strong>illum</strong></span> <span class='ocrx_word' id='word_1_299' title='bbox 314 3925 481 3989; x_wconf 81' lang='lat' dir='ltr'><strong>identidem</strong></span> <span class='ocrx_word' id='word_1_300' title='bbox 493 3924 612 4010; x_wconf 80' lang='lat' dir='ltr'><strong>leponm</strong></span> <span class='ocrx_word' id='word_1_301' title='bbox 629 3923 770 4006; x_wconf 83' lang='lat' dir='ltr'><strong>corrigo,</strong></span> <span class='ocrx_word' id='word_1_302' title='bbox 792 3923 908 3988; x_wconf 86' lang='lat' dir='ltr'><strong>idcirco</strong></span> <span class='ocrx_word' id='word_1_303' title='bbox 920 3944 969 3987; x_wconf 90' lang='lat' dir='ltr'><strong>me</strong></span> <span class='ocrx_word' id='word_1_304' title='bbox 988 3923 1041 3991; x_wconf 79' lang='lat' dir='ltr'><strong>vel</strong></span> <span class='ocrx_word' id='word_1_305' title='bbox 1060 3923 1228 3990; x_wconf 87' lang='lat' dir='ltr'><strong>doctiorem</strong></span> 
     </span>
     <span class='ocr_line' id='line_1_37' title="bbox 121 4023 934 4113; baseline -0.004 -20"><span class='ocrx_word' id='word_1_306' title='bbox 121 4035 220 4093; x_wconf 64' lang='lat' dir='ltr'><strong>deluo</strong></span> <span class='ocrx_word' id='word_1_307' title='bbox 232 4030 284 4094; x_wconf 82' lang='lat' dir='ltr'><strong>vel</strong></span> <span class='ocrx_word' id='word_1_308' title='bbox 295 4027 515 4112; x_wconf 85' lang='lat' dir='ltr'><strong>diligentiorem</strong></span> <span class='ocrx_word' id='word_1_309' title='bbox 521 4049 533 4110; x_wconf 74' lang='lat'>5</span> <span class='ocrx_word' id='word_1_310' title='bbox 557 4048 656 4112; x_wconf 88' lang='lat' dir='ltr'><strong>neque</strong></span> <span class='ocrx_word' id='word_1_311' title='bbox 670 4029 699 4092; x_wconf 91' lang='lat' dir='ltr'><strong>ei</strong></span> <span class='ocrx_word' id='word_1_312' title='bbox 711 4036 874 4113; x_wconf 70' lang='lat' dir='ltr'><strong>propterea</strong></span> <span class='ocrx_word' id='word_1_313' title='bbox 928 4023 934 4036; x_wconf 87' lang='lat'>&#39;</span> 
     </span>
    </p>

    <p class='ocr_par' dir='ltr' id='par_1_4' title="bbox 283 4121 1054 4318">
     <span class='ocr_line' id='line_1_38' title="bbox 394 4121 810 4194; baseline -0.005 0"><span class='ocrx_word' id='word_1_314' title='bbox 394 4139 396 4146; x_wconf 77' lang='grc'><em>’</em></span> <span class='ocrx_word' id='word_1_315' title='bbox 454 4121 457 4138; x_wconf 58' lang='grc'><em>’</em></span> <span class='ocrx_word' id='word_1_316' title='bbox 534 4128 810 4194; x_wconf 77' lang='lat' dir='ltr'><strong>detrahereaueim</strong></span> 
     </span>
     <span class='ocr_line' id='line_1_39' title="bbox 283 4229 1054 4318; baseline 0 -18"><span class='ocrx_word' id='word_1_317' title='bbox 283 4235 467 4300; x_wconf 68' lang='lat' dir='ltr'><strong>Hatram</strong></span> <span class='ocrx_word' id='word_1_318' title='bbox 479 4239 576 4318; x_wconf 81' lang='lat' dir='ltr'><strong>capiti</strong></span> <span class='ocrx_word' id='word_1_319' title='bbox 591 4235 692 4298; x_wconf 76' lang='lat' dir='ltr'><strong>mutu</strong></span> <span class='ocrx_word' id='word_1_320' title='bbox 705 4256 778 4298; x_wconf 86' lang='lat' dir='ltr'><strong>cum</strong></span> <span class='ocrx_word' id='word_1_321' title='bbox 790 4229 886 4296; x_wconf 79' lang='lat' dir='ltr'><strong>laude</strong></span> <span class='ocrx_word' id='word_1_322' title='bbox 898 4253 1054 4300; x_wconf 74' lang='lat' dir='ltr'><strong>coronam·</strong></span> 
     </span>
    </p>
   </div>
   <div class='ocr_carea' id='block_1_3' title="bbox 0 0 1551 4862">
    <p class='ocr_par' dir='ltr' id='par_1_5' title="bbox 0 0 1551 4862">
     <span class='ocr_line' id='line_1_40' title="bbox 0 0 1551 4862; baseline 0 0"><span class='ocrx_word' id='word_1_323' title='bbox 0 0 1551 4862; x_wconf 95' lang='lat' dir='ltr'><strong> </strong></span> 
     </span>
    </p>
   </div>
  </div>
 </body>
</html>
