3084 4862
337 843 412 910 10.
452 833 1093 916 B01v1tttnuutcn'r10.

624 1075 833 1099 -ῃ

455 1402 973 1498 Lunovloo

530 1627 865 1766 MAGNO.

161 1969 236 2084 Rae
252 2041 358 2103 gerere
370 2033 401 2086 ct
424 2023 503 2104 legee
525 2025 597 2086 dare
616 2023 739 2107 populis
758 2023 885 2104 Regium
904 2031 959 2087 eat.
1001 2021 1043 2084 At
1064 2041 1127 2084 non
1141 2031 1264 2083 caetera

159 2127 276 2204 omnia,
296 2128 418 2188 tametsi
435 2129 536 2187 minue
547 2127 677 2188 illustria
694 2135 782 2206 eunt,
804 2126 849 2188 eic
864 2127 1017 2208 Principes
1033 2145 1156 2206 magnos
1171 2125 1265 2186 (lede-

158 2239 237 2306 ocan,
257 2230 423 2291 utArtium
438 2251 557 2311 qaoque
572 2238 603 2291 et
615 2230 812 2292 Scientiarum
829 2251 933 2291 curam
944 2228 1106 2310 negligere,
1128 2229 1264 2292 litterea-

157 2351 217 2412 que
233 2341 264 2392 et
274 2333 369 2394 librae
384 2334 539 2415 aepernari
556 2333 692 2398 debeant.
734 2332 800 2394 Hoc
821 2341 901 2394 certe
921 2331 1002 2416 apud
1017 2353 1119 2394 omnce
1134 2343 1262 2412 coortat,

155 2433 360 2498 Hiatotiarum
367 2437 527 2499 lectionem
535 2437 637 2499 utilem
649 2437 811 2498 admodum
820 2445 850 2498 et
856 2436 1030 2518 frugiferam
1043 2456 1105 2498 caea
1115 2437 1265 2520 impet-an.

156 2537 250 2602 ritae
291 2538 406 2619 ltaque,
420 2539 487 2599 Rex
501 2539 739 2619 nuenarianae,
761 2541 815 2622 qui
829 2538 920 2600 huius
939 2537 1055 2619 generis
1067 2541 1162 2601 libroa
1179 2540 1264 2601 obla·

156 2650 225 2702 tum
233 2631 312 2702 ”fni
324 2641 470 2720 veniunt,
491 2639 529 2702 iia
545 2643 625 2704 ineta
637 2643 718 2704 ratio
733 2663 795 2703 non
810 2641 909 2714 decet,
931 2661 992 2722 qua
1006 2641 1163 2702 audaciam
1178 2661 1264 2704 auam

157 2753 321 2821 axcuaent3
342 2763 439 2825 neque
460 2745 533 2806 adeo
552 2745 664 2808 mirum
685 2745 824 2826 cuiquam
840 2765 902 2805 caea
914 2743 1018 2821 debet,
1040 2743 1124 2826 quod
1139 2764 1193 2825 ego
1206 2743 1262 2806 hoa

156 2867 260 2908 rerum
280 2847 518 2928 Byzantinerum
541 2848 779 2911 Commentarios
796 2849 969 2910 Mamaeam
990 2847 1073 2908 Tura
1094 2848 1190 2910 anaim
1212 2848 1263 2910 of-

158 2951 246 3014 ferre.
287 2951 449 3014 Enimvero
463 2969 529 3031 me,
550 2949 585 3012 it
596 2959 631 3011 ut
646 2951 783 3029 facerem,
805 2952 942 3033 privatae
957 2950 1046 3012 etiam
1059 2951 1201 3028 rationes,
1224 2973 1261 3012 ac

158 3071 210 3114 eae
229 3053 351 3133 quidam
372 3073 477 3134 gravae
484 3097 495 3130 ,
515 3051 657 3114 timidum
679 3053 902 3136 ancipitemque
919 3054 1126 3136 perpulerunt.
1169 3053 1263 3116 Eccui

158 3154 238 3216 anim
254 3155 366 3217 laboris
382 3157 442 3218 mai
458 3157 591 3218 fructum
603 3155 685 3218 hunc
700 3167 732 3218 at
751 3154 806 3217 hae
821 3158 907 3218 velut
924 3156 1095 3218 studiorum
1112 3157 1261 3239 primitiae

155 3259 259 3339 potina
271 3279 493 3322 comacraaaem
507 3279 598 3341 quam
604 3258 682 3337 Turi,
697 3279 715 3318 a
729 3257 836 3339 quaid
851 3279 940 3320 omna
952 3257 1045 3320 habui
1056 3257 1138 3339 quod
1146 3257 1263 3322 affero't

156 3360 205 3422 'l'n
226 3361 337 3441 onum,
358 3363 407 3425 Tu
421 3365 532 3442 lutros,
553 3363 600 3424 Tu
619 3361 778 3422 facultates
796 3361 1005 3444 suppeditati.
1046 3361 1144 3441 Regiia
1168 3362 1262 3444 typie,

155 3463 256 3544 liegiia
272 3466 453 3546 campulus
474 3467 546 3528 Tuia
565 3467 700 3546 perlecta
720 3463 795 3524 haec
812 3464 923 3529 Editio.
966 3465 1052 3546 Opua
1075 3464 1175 3547 ipeum
1195 3485 1262 3525 ma·

154 3585 214 3645 gna
237 3567 285 3628 aui
306 3577 392 3650 parte
415 3589 460 3632 ext
475 3567 663 3631 Bibliotheca
684 3567 749 3628 Tua
772 3567 885 3648 prodit.
928 3566 1020 3642 Quod
1039 3567 1078 3628 ad
1095 3567 1263 3628 Hiatoriam

154 3667 205 3730 laia
215 3670 302 3732 haris
313 3671 559 3752 comprehensam
570 3671 689 3748 attinet,
704 3679 791 3730 eaeet
801 3669 958 3748 eiuamodi‚
973 3669 1157 3738 utFrancict
1166 3669 1263 3731 nomi·

155 3773 203 3832 aia
225 3791 289 3832 uon
309 3771 452 3834 heredem
465 3773 556 3834 modo
570 3795 605 3834 ac
620 3773 788 3850 vindicem,
810 3773 864 3834 aed
881 3782 912 3832 et
926 3790 1135 3854 quemcunque
1151 3779 1263 3842 amato-

155 3895 236 3950 rem,
264 3875 315 3937 val
341 3875 441 3956 primo
472 3876 654 3938 namationia
681 3875 806 3938 exordio
835 3875 939 3937 atatim
965 3876 1096 3938 allactet.
1137 3872 1263 3934 Initium

154 3975 267 4058 quippe
287 3986 351 4054 cat,
376 3986 496 4060 captaa
512 3979 624 4042 uoatria
640 3977 934 4059 Constantinopolin
956 3977 1086 4040 divitum
1101 3975 1262 4057 gentilibua

153 4079 229 4140 'l'uia
236 4125 247 4158 ,
267 4080 419 4142 Balduino
433 4081 565 4144 llandro
588 4091 618 4145 at
629 4079 784 4143 leudorico
797 4080 945 4158 Blcaanai,
966 4079 1185 4142 nobilieaimum
1201 4079 1263 4138 lm·

154 4183 288 4264 parium:
312 4183 538 4248 comanorum
562 4203 634 4268 opea
655 4183 787 4264 acciea05
809 4182 889 4256 virae
905 4183 1026 4247 attritae
1046 4182 1258 4294 aqdiepeme.
