3084 4862
347 292 581 364 NICEPHORI
600 291 839 362 GREGORAE
860 292 977 364 VITA.
1103 305 1203 355 xrrrr

118 463 206 534 gatos:
227 471 357 534 quornm
372 473 469 536 panca
481 453 563 534 typis
578 471 732 535 expresse,
754 454 897 534 pleraque
909 463 1009 515 sutem
1021 457 1203 516 extsnt'ma-

117 541 260 620 amcripta
271 540 305 598 in
322 539 477 599 codicibus
492 540 578 620 regiis
591 538 626 621 ¹).

189 627 285 685 Annis
299 645 337 684 ex
353 646 387 684 eo
404 635 518 706 septem
534 625 640 705 elapsis
662 620 710 709 ⁹),
730 621 811 684 idem
826 625 1016 701 Barlaamus,
1038 624 1201 707 Avenioue,

117 731 170 790 quo
194 712 231 770 ab
253 713 441 790 Imperatore
470 713 508 771 ad
528 711 643 792 Papam
670 710 854 771 clandestina
871 707 898 790 8)
925 712 1072 788 legatione
1088 712 1202 772 missua

116 799 220 872 fumat,
268 797 508 856 Thessalonicam
547 814 684 857 reversus
716 815 836 873 magnas
866 796 977 855 turbas
1012 797 1047 856 in
1079 797 1204 856 ecclesia

116 881 218 941 Graeca
233 882 397 959 excitavit3
420 901 457 942 ex
474 883 579 963 quibus
593 891 697 964 postea
709 883 821 942 multae
833 882 865 941 in
879 882 1205 961 Gregorammolestiee

115 966 324 1028 redundarunt.
367 969 512 1028 Nimirum
543 969 595 1027 ille
619 968 746 1042 advena,
768 967 929 1028 monachos
948 969 1077 1027 Graecos
1098 976 1205 1026 noctua

115 1051 158 1130 qui
176 1073 207 1112 ae
224 1053 366 1113 divinum
379 1055 480 1114 iumen
496 1054 592 1113 ocrrlis
614 1055 764 1134 corporeis
783 1054 894 1113 intueri
915 1053 1072 1131 dicebant,
1095 1054 1206 1112 Massa·

114 1136 277 1198 lianismnm
298 1139 338 1197 iis
353 1148 382 1199 et
397 1138 728 1220 Omphalopsychorum
743 1137 773 1220 ⁴)
794 1156 924 1200 errorem
938 1139 1055 1199 obiecit.
1097 1139 1205 1198 Mona-

113 1220 230 1282 chorum
243 1225 447 1304 patrocinium
463 1226 593 1306 suscepit
607 1225 656 1285 air
667 1245 789 1304 magnae
804 1225 883 1306 apud
898 1222 948 1284 eos
966 1224 1205 1299 existimationis,

114 1307 268 1388 Gregorius
286 1309 434 1387 Pelamas,
456 1311 634 1392 iampridem
654 1312 718 1392 ipse
741 1330 861 1391 quoque
878 1307 947 1371 ideo
963 1320 1100 1386 notatus,
1123 1308 1206 1389 quod

112 1390 238 1454 divisim
263 1396 460 1456 substantiam
489 1397 586 1458 oculis
616 1397 768 1478 corporeis
792 1398 887 1458 anam
916 1417 933 1455 a
966 1417 997 1456 se
1024 1395 1207 1456 iactavimet.

111 1477 175 1540 llam
188 1479 276 1540 buno
293 1481 439 1559 Gregoras
453 1479 501 1564 ⁶),
523 1493 552 1542 et
578 1482 606 1542 ei
621 1481 825 1562 cognominem
841 1481 984 1560 Drimyn,
1006 1490 1164 1559 antequam
1177 1475 1205 1560 ο)

110 1563 277 1626 Barlaamus
293 1565 326 1626 in
341 1567 494 1628 Graeciam
510 1569 656 1646 venisset,
678 1569 710 1628 id
726 1569 764 1628 de
786 1589 817 1627 se
831 1567 1038 1647 praedicantes
1061 1565 1205 1646 audierat,

111 1657 136 1708 et
147 1651 265 1712 acrihus
283 1651 346 1712 iam
361 1663 427 1712 tum
440 1653 539 1714 verbis
550 1665 714 1734 utrumque
724 1652 970 1734 reprehenderat:
992 1652 1130 1730 idemque
1141 1669 1207 1708 eam

111 1753 166 1794 ress
178 1757 289 1816 magno
304 1737 485 1816 logothetae
504 1750 536 1800 et
549 1741 733 1800 antistitibus
751 1740 867 1820 aliquot
884 1738 981 1798 doctis
994 1737 1205 1798 declaraverat.

110 1818 226 1882 Hirero
247 1843 313 1882 eam
326 1825 572 1886 massalianorum
588 1825 724 1887 haeresin
741 1845 803 1886 esse
823 1826 981 1899 dixerant,
1004 1833 1035 1884 et
1058 1819 1205 1884 eiusmodi

110 1901 258 1968 bominum
272 1911 520 1972 consuetudinem
535 1921 572 1972 ut
583 1912 701 1990 fugeret
713 1919 944 1993 praeceperaut3
967 1910 1057 1989 idque
1079 1929 1115 1968 eo
1134 1927 1206 1967 ma-

110 1989 164 2068 gia,
184 1994 267 2072 quod
286 2015 398 2056 novam
410 1995 564 2074 haeresin,
587 1999 702 2058 axeliis
717 1997 853 2057 omnibus
869 1995 1039 2071 conflatam,
1061 1995 1134 2054 olim
1148 2013 1205 2052 ex-

110 2077 249 2140 critatem
263 2100 341 2158 ease,
363 2092 394 2142 et
407 2084 550 2160 generalis
567 2084 696 2144 Concilii
711 2084 830 2144 decreto
854 2091 1022 2144 correctum
1043 2080 1098 2156 iri,
1120 2087 1207 2142 vete.-
1250 2085 1254 2096 “

109 2159 149 2219 ris
164 2164 318 2225 cuiusdam
337 2167 513 2248 prophetiae
528 2169 684 2229 admonitu
706 2170 882 2230 didicerant.
926 2164 1081 2226 Menochia
1103 2164 1204 2243 igitur,

108 2245 223 2308 Peuma
233 2250 328 2326 duce,
350 2273 407 2334 pro
430 2274 485 2314 suo
502 2274 602 2316 errore
621 2255 900 2335 propugnantibus,
923 2253 1091 2327 etlumen,
1123 2248 1207 2329 quod

108 2329 138 2390 iu
150 2335 379 2398 monteTbabor
397 2339 560 2420 discipulos
571 2339 680 2403 Christi
699 2341 955 2416 circumfulsisset,
976 2339 1145 2398 increatum
1162 2334 1206 2394 ai-

107 2419 166 2478 mul
177 2429 208 2480 et
219 2423 400 2502 aspectabile
414 2425 506 2487 fuisse
523 2425 750 2503 dictitantibua3
771 2426 927 2484 Barlaamo
956 2433 1055 2485 eutem
1075 2422 1206 2495 orestae,

109 2522 157 2562 seu
172 2505 301 2587 duplicis
316 2509 368 2591 Dei
392 2512 528 2588 cultum,
549 2531 604 2590 per
626 2531 690 2570 eum
710 2512 882 2590 opinionem
902 2507 1005 2568 invehi
1028 2507 1206 2581 affirmante,

109 2589 294 2654 Andronicus
315 2595 481 2675 Imperator
506 2598 569 2658 litia
590 2597 773 2656 dirimendae
798 2616 887 2654 causa
908 2592 1076 2652 Concilium
1094 2591 1208 2650 haben-

110 2672 181 2734 dum
196 2679 324 2742 censuit.
366 2680 472 2760 ltaque
489 2703 567 2742 antro
583 2681 698 2742 Christi
715 2701 868 2756 necem,
890 2697 991 2738 mense
1004 2677 1107 2752 lunio,
1128 2675 1160 2734 in
1176 2675 1206 2732 S.

110 2759 234 2840 Sophiae
259 2763 360 2825 aedem
384 2765 600 2846 Byzantiorum
628 2766 784 2827 lectissimi
807 2786 842 2824 oc
866 2762 1031 2824 doctissimi
1056 2778 1210 2822 convene-

110 2855 178 2904 nmt
189 2845 226 2926 ⁷).
269 2849 434 2930 Gregoram
454 2852 490 2912 ab
504 2853 687 2933 Imperatore
700 2863 730 2913 et
747 2848 950 2931 apatriaroha
970 2847 1132 2908 invitatum
1154 2843 1209 2904 do-

110 2930 150 2988 rni
168 2931 298 2998 detinuit
319 2936 426 3017 cepitis
446 2938 533 3000 dolor
551 2937 845 3012 vehementissimus3
874 2935 928 3015 qui
953 2933 1074 2994 morbus
1091 2929 1130 3012 ⁸),
1152 2949 1207 3012 per

109 3013 263 3080 intervalla
278 3030 309 3080 et
326 3022 415 3085 cerus
430 3023 613 3104 temporibus
627 3043 802 3100 recurrens,
823 3031 888 3083 tota
903 3020 967 3104 vita
991 3039 1058 3080 eum
1077 3017 1209 3078 afflicte-

110 3101 163 3160 vii-
200 3105 367 3187 imperator
380 3108 433 3167 illa
448 3110 497 3169 die
511 3110 663 3190 praeclare
680 3119 711 3170 et
728 3128 835 3188 magno
851 3106 985 3168 omnium
1005 3106 1114 3185 plausu
1128 3121 1209 3160 eon-

112 3185 240 3252 domtus
268 3192 419 3254 absentem
450 3195 649 3273 desideravit,
677 3213 770 3274 eoque
799 3194 938 3252 auditore
953 3190 1079 3250 moleste
1101 3184 1208 3266 caruit.

113 3269 259 3336 &nerum
277 3278 313 3338 in
334 3300 367 3342 ea
387 3281 506 3360 synodo
528 3280 600 3360 quid
623 3291 723 3340 actum
749 3279 789 3342 sit
811 3299 872 3338 non
895 3285 1027 3352 constat,
1049 3283 1209 3355 propterea

112 3358 189 3434 quod
204 3360 285 3423 illius
300 3365 367 3425 aevi
380 3365 544 3446 scriptores
562 3366 613 3426 alii
628 3366 731 3442 aliter,
754 3374 785 3424 et
798 3385 853 3444 pro
881 3383 935 3422 suo
952 3362 1076 3440 quisquc
1089 3358 1207 3433 affectu,

113 3459 303 3510 rennerunt
317 3447 356 3534 ⁹).
397 3451 434 3512 ln
449 3473 482 3512 eo
507 3462 608 3523 tamen
623 3452 847 3513 Cantacuzenus
871 3457 901 3508 et
916 3448 1063 3525 Gregoras
1083 3462 1209 3504 consen-

147 3613 274 3741 Ἥ
290 3617 368 3744 ¹1⁹s⁹s⁷e
384 3619 461 3742 'iii'
477 3617 755 3746 ii⁵¹'1em²iei'i³s'
772 3629 888 3741 liii*
941 3613 989 3752 ei)
997 3609 1211 3735 diffidi-¹

176 3769 236 3808 mm.
270 3723 536 3827 mutilitatem.
546 3755 591 3810 lib.
605 3773 662 3810 xrr.
681 3725 707 3808 ο.Ι
722 3761 746 3812 1.
757 3725 829 3809 ‘aen
844 3723 871 3812 4.
906 3751 1017 3821 mente
1030 3767 1122 3804 annum
1134 3749 1211 3831 1328.

176 3823 294 3893 Dll'mt.
311 3825 359 3879 lib.
376 3841 413 3878 rr.
432 3844 454 3884 o.
467 3830 510 3882 ΞΟ.
580 3827 610 3896 8)
635 3827 770 3895 Gregoras
787 3824 883 3894 passim
902 3821 1019 3876 inlibris
1032 3821 1085 3873 sois
1103 3827 1213 3901 mentio:

178 3909 230 3948 uem
248 3895 337 3948 eiusce
354 3895 436 3950 morbi
455 3895 575 3950 inculcat.
616 3895 686 3950 Vide
705 3893 833 3958 libellum,
850 3891 923 3948 acad
936 3893 993 3946 τῶν
1009 3891 1062 3945 rori
1081 3891 1213 3958 Γρηγορα

177 3961 348 4034 lanceolam.
418 3967 436 4020 9
474 3966 673 4018 Cantaeuzenus
695 3963 791 4016 victuro
808 3962 970 4016 Berisamum
986 3959 1087 4013 reniam
1105 3956 1213 4028 petiisse
1322 3971 1326 3980 ·

179 4039 205 4085 et
218 4033 340 4086 Palamae
357 4031 500 4088 (loctunam
519 4053 534 4087 a
554 4036 679 4104 probasse
703 4031 802 4086 scribit.
850 4031 960 4084 loannes
997 4027 1142 4090 atrierchs,
1185 4023 1212 4078 ui

180 4103 273 4170 muodo
292 4104 422 4174 praefuit,
440 4103 475 4156 de
488 4051 589 4157 duolaus
599 4109 697 4156 mutum
714 4100 850 4170 capitulis,
873 4107 964 4170 nempe
975 4047 1008 4151 ie
1023 4095 1154 4150 Tbeborio
1167 4043 1184 4146 i
1199 4122 1212 4132 -

180 4173 243 4226 nine
254 4179 283 4226 et
294 4171 329 4226 de
342 4174 493 4244 precatione
503 4173 582 4226 latam
594 4171 747 4226 sententiam
758 4170 796 4223 sit
808 4169 877 4240 apud
884 4167 1046 4224 beonhllst
1053 4166 1095 4220 Be
1107 4163 1211 4218 Boules.

180 4239 269 4296 ocae.
302 4247 331 4294 et
353 4242 456 4296 Orient.
485 4258 558 4312 perp.
590 4233 664 4294 eona.¹
684 4240 729 4294 lib.
747 4255 776 4293 n.
799 4258 823 4293 e.
845 4240 891 4295 tr.
940 4237 1076 4306 Gregoras
1101 4232 1213 4314 denique

181 4309 256 4365 mis!
272 4311 449 4384 Menan
466 4311 501 4366 de
521 4311 672 4384 praoatiom
696 4309 838 4380 agitatam
856 4305 927 4379 quod
944 4307 978 4361 ad
996 4310 1101 4361 matera
1118 4306 1214 4356 sttme·
