3084 4862
321 301 409 350 mu
615 286 672 354 10.
701 285 866 357 BOlVlNI
896 283 1154 354 PRAEFATIO.

322 451 371 511 lae
396 457 426 508 et
447 444 606 508 relationes
629 447 769 523 selectae,
790 465 829 508 ex
848 445 952 506 codice
974 443 1133 523 singulari,
1155 460 1244 522 quem
1261 443 1425 505 bibliothe-

325 572 376 614 coe
388 549 496 629 Regiae
509 567 580 609 cum
599 549 664 609 aliis
692 549 797 610 moltis
811 567 909 632 nuper
932 547 1058 610 donavit
1075 549 1107 608 (l
1128 547 1229 608 unm.
1247 547 1423 618 Tencteros,

323 653 566 734 archiepiscopus
580 653 650 711 llux
664 651 846 712 Rhomensie.

402 755 439 818 V.
461 753 609 819 mannen
633 757 735 816 Philae
754 761 861 837 po‘e'ma
884 752 1063 814 historicum
1084 753 1122 814 de
1142 749 1298 814 Michaelis
1313 747 1425 808 Glabae

322 863 410 926 rebus
422 862 527 942 gestis,
550 881 589 922 ex
612 861 670 920 ulio
687 859 753 920 cod.
769 858 860 935 Regio
877 855 962 938 (olim
981 855 1161 939 Telleriano)
1178 855 1374 937 descriptum.

406 968 457 1028 vl.
479 967 589 1027 Tomos
608 960 834 1044 pseudosynodi
848 960 1052 1042 Palsmilicae,
1075 962 1172 1022 editus
1195 981 1213 1018 a
1233 957 1424 1020 Combelisio.

407 1069 475 1131 Vll.
498 1070 648 1147 Excerpta
666 1049 704 1124 ex
722 1043 843 1144 scriptis
862 1064 1026 1146 Nicephori
1047 1061 1253 1144 Blemmydae,
1287 1061 1429 1141 Gregorii

323 1169 444 1251 Cyprii,
466 1169 614 1231 Theoduli
629 1167 781 1240 Rhetoris,
804 1165 965 1250 Nicephori
982 1165 1128 1246 Chumni,
1150 1164 1308 1241 Barlaami,
1330 1165 1430 1226 Acin·

322 1271 415 1352 dyni,
431 1273 581 1350 Palamao,
602 1271 720 1332 Nicolai
738 1271 903 1348 (lebadiae,
925 1271 1074 1334 Philothei
1090 1271 1296 1354 patriarchae,
1318 1271 1431 1334 Medici

322 1375 497 1452 Taronitae,
527 1374 742 1453 Cantacuzeni,
769 1375 911 1436 Demetrii
931 1373 1074 1455 Cydonii,
1097 1376 1192 1456 ipsius
1213 1374 1379 1454 Gregorao,
1400 1383 1431 1436 et

323 1477 467 1552 aliorum,
488 1459 587 1538 dmnia
604 1478 789 1560 paucissimis
805 1479 937 1560 exceptis
952 1478 1104 1538 anecdota.

407 1585 452 1649 Ita
482 1591 612 1663 quatrior
627 1580 718 1640 tomis
730 1579 879 1660 integrum
898 1601 975 1663 opus
988 1580 1151 1642 constabit:
1175 1583 1261 1661 quod
1276 1583 1374 1661 brevi,
1395 1592 1433 1645 ut

322 1705 426 1768 spero,
446 1685 633 1759 absolvetur,
655 1684 776 1742 favente
795 1682 877 1744 hisce
895 1671 1002 1745 etudiis
1023 1684 1134 1744 nostrie
1147 1683 1357 1747 illustrissimo
1371 1687 1433 1747 Co·

321 1787 409 1862 mite,
433 1785 607 1846 cancellarii
621 1783 702 1861 lilio,
724 1785 908 1846 Hmeonruo
922 1788 1204 1850 Poncnsernnarno.
1251 1789 1369 1871 Nempe
1381 1789 1433 1850 hic

323 1889 361 1949 ad
379 1888 539 1948 secretiora
554 1887 641 1966 Regis
657 1887 781 1947 consilia
798 1889 951 1966 admissus,
974 1900 1060 1970 atque
1076 1890 1168 1972 ipsius
1183 1889 1226 1950 rei
1245 1893 1367 1954 novalia
1380 1894 1432 1952 eda

321 1991 536 2051 ministrationi
550 1989 739 2071 praefectus,
760 1992 869 2052 artium
885 2002 1037 2074 praeterea
1054 2003 1083 2052 et
1095 1993 1330 2056 Academiarum
1342 1997 1433 2058 rebus

322 2093 498 2154 ordinandis
512 2091 669 2169 incumbit,
686 2112 842 2154 successor
855 2095 935 2155 idem
952 2105 982 2155 et
999 2095 1131 2156 aemulus
1147 2096 1260 2176 patris,
1277 2117 1369 2178 quem
1376 2099 1432 2160 lit-

321 2205 454 2256 terarum
474 2215 510 2254 ac
529 2195 732 2255 litteratorum
747 2217 849 2258 amore
869 2207 898 2258 et
913 2197 1034 2258 exculto
1057 2198 1232 2260 liberalibus
1257 2201 1433 2285 disciplinis

320 2298 441 2378 ingenio
455 2299 498 2360 sic
509 2300 617 2375 refert,
639 2307 676 2358 ut
688 2299 717 2369 ei
737 2319 800 2360 non
815 2308 877 2361 tam
899 2299 931 2366 in
947 2319 1034 2360 curae
1049 2321 1141 2381 quem
1161 2303 1195 2362 in
1209 2303 1337 2368 laudem
1359 2327 1432 2370 suc-

323 2400 445 2464 cessisse
458 2399 604 2472 rideatur.
