3084 4862
526 274 798 346 PRAEFATto:
983 343 987 350 ,
1187 285 1231 334 xv

125 447 180 510 eoi
200 379 345 526 noctise
368 442 533 524 stuperet
546 432 842 521 perarmemus·
868 433 1013 522 δαψιλείᾳ
1031 431 1064 499 il
1088 435 1141 500 uui
1157 441 1232 516 φλο-

124 551 203 633 rei
219 543 296 630 aete
321 530 359 608 'vi
379 539 548 626 estium
565 533 659 623 site
681 537 832 620 semeles
853 543 910 602 τοῦ
930 533 1146 620 nemorosos,
1175 544 1232 605 eos

123 648 292 716 moelem
313 647 367 712 eet
380 642 512 729 Βάβρων
533 634 713 718 ἐπισκόπου,
735 635 813 718 πρᾶο
836 643 964 704 Παῦλον
982 637 1034 705 τὸν
1055 644 1174 727 τρίτον,
1194 642 1231 707 ssi

124 757 181 833 τῆς
199 744 366 833 ἱερωσύνης
387 750 626 831 clsooopcism,
645 741 728 828 erupi
744 748 867 807 Kettos
878 742 1023 827 βασιλέως
1037 745 1070 809 ἐν
1086 750 1125 834 τῇ
1136 740 1233 832 ‘Peiprp

124 859 163 941 τῇ
186 849 270 917 πάνυ
287 846 538 937 πρεσβεύσαντος.
558 850 591 911 id
613 858 675 910 est:
697 847 883 910 Absolutum
904 858 949 908 est
967 847 1026 906 lsoc
1045 870 1124 930 opus
1140 851 1233 910 Octo-

124 957 191 1015 bris
213 953 261 1014 die
277 959 339 1032 18,
361 976 444 1014 anno
463 971 617 1015 noxum.
638 950 849 1030 christophori
860 951 965 1012 Aweri
981 952 1128 1012 Germani
1142 974 1234 1034 opero

125 1079 164 1118 ac
177 1055 345 1138 diligentia
355 1059 595 1136 trarmcriptum3
609 1055 817 1134 mruu‘ficeotia
830 1067 931 1115 autem
941 1065 970 1113 et
980 1054 1087 1115 studio
1102 1059 1135 1115 in
1148 1057 1233 1116 litte·

125 1181 179 1222 rus
190 1158 408 1220 ardentissimo
419 1161 545 1242 Georgii
555 1157 734 1220 Armeniaci
747 1155 807 1239 (D'
815 1157 1024 1241 Armognae),
1038 1161 1233 1220 Rutenorum

16 1343 17 1346 Ἴ
123 1276 153 1325 et
184 1264 357 1325 Vnhrorum
382 1266 532 1345 episcopi,
554 1283 576 1322 o
592 1263 758 1323 Gallorum
778 1263 863 1343 Rege
880 1259 926 1322 ad
943 1265 1105 1322 Summum
1119 1264 1233 1322 Ponti-

115 1369 214 1449 ficem
229 1367 367 1426 Paulum
379 1387 439 1428 111.
456 1368 554 1448 legati
566 1367 700 1427 Romam
710 1367 807 1424 me'ssi.
829 1365 876 1424 Ex
888 1362 947 1424 boc
962 1364 1029 1424 cod.
1039 1363 1134 1426 libros
1146 1365 1234 1426 Tomi

123 1469 212 1530 istius
239 1469 366 1530 secundi
397 1491 451 1531 sex
476 1469 594 1551 priores
621 1479 761 1530 accurate
792 1467 961 1547 descriptos
986 1465 1073 1549 (nem
1098 1468 1233 1530 codicem

121 1572 222 1653 ipsum
245 1572 406 1652 quominus
425 1570 623 1654 typographis
644 1572 898 1634 committeremus
911 1569 1018 1650 religio
1039 1571 1129 1632 nobis
1147 1567 1232 1652 fuit),

123 1675 203 1758 typis
226 1674 439 1755 exprimendos
465 1673 646 1736 curavimus.

204 1777 345 1838 Alterum
361 1775 582 1859 apographum,
604 1783 673 1860 ente
695 1773 752 1834 bos
768 1777 904 1858 quinque
917 1795 1011 1837 suuos
1026 1776 1137 1835 Romus
1152 1772 1232 1836 scri-

122 1888 208 1961 ptum
229 1890 260 1942 et
281 1901 299 1940 e
324 1879 491 1942 clarissimo
514 1878 582 1940 viro
603 1879 628 1937 1.
647 1877 789 1938 Viventio
807 1879 956 1941 Lutetiam
980 1879 1121 1954 allatum,
1142 1875 1233 1936 valde

121 1984 299 2044 mendosum
314 1989 388 2042 eret.
430 1981 580 2043 Nimirum
598 1991 635 2041 ut
652 1981 733 2062 epud
748 2002 815 2060 nos,
836 1983 879 2042 ite
893 1983 982 2042 etium
996 1983 1108 2042 Romae
1124 1998 1233 2058 magne

123 2095 168 2144 est
181 2089 318 2167 paucitas
340 2103 445 2146 eorum
460 2083 732 2166 celligrephcrum,
755 2085 809 2166 qui
824 2105 945 2150 monum
958 2085 991 2144 in
1005 2083 1128 2145 Graecis
1143 2103 1232 2144 exer-

126 2187 244 2248 citatem
256 2187 403 2264 bebesut3
425 2185 560 2267 adeoque
572 2207 693 2248 necesse
706 2197 754 2249 est
765 2188 805 2248 sd
819 2188 960 2248 librarios
983 2188 1076 2248 rudes
1093 2194 1124 2247 ct
1136 2187 1234 2267 impc-

123 2290 201 2350 ritos
218 2309 389 2367 recurrere,
414 2293 653 2371 quotiescunque
675 2290 775 2369 agitur
798 2291 836 2351 de
858 2289 1061 2352 exscribendis
1079 2288 1234 2349 codicibus

122 2393 254 2454 Gmecis.
297 2393 346 2454 Ex
361 2412 396 2450 eo
410 2389 582 2473 apographo
596 2393 750 2472 prodeunt
763 2393 855 2455 bodie
867 2394 899 2455 in
912 2396 1010 2454 lucem
1023 2392 1097 2454 libri
1110 2401 1233 2474 septem,

115 2496 171 2575 qui
189 2496 336 2574 reliquam
358 2492 448 2554 huius
462 2493 551 2554 Tomi
561 2494 689 2555 secundi
704 2506 820 2577 partem
836 2498 978 2579 explent3
999 2496 1097 2579 iique,
1119 2494 1235 2558 ultimis

113 2597 223 2659 tribus
243 2617 305 2658 non
322 2597 396 2658 totis
416 2596 568 2678 exceptis,
592 2597 731 2676 custigsti
746 2619 784 2660 ex
798 2599 944 2661 Vaticano
960 2598 1142 2680 exemplari5
1164 2617 1235 2658 cum

113 2721 181 2781 quo
205 2699 348 2760 lectiones
372 2699 479 2760 dubius
502 2699 685 2760 contulimus
708 2721 765 2781 per
785 2701 869 2762 viros
892 2703 1126 2780 smditissimos,
1157 2721 1234 2781 quos

114 2801 236 2862 laboris
256 2800 348 2864 buius
370 2823 428 2884 per
451 2821 483 2862 se
503 2802 613 2882 iugrsti
629 2803 765 2864 taedium
782 2825 819 2864 ec
835 2805 988 2867 lmtidium
1001 2813 1107 2866 nostre
1122 2813 1153 2864 et
1167 2825 1234 2886 pu-

116 2905 217 2964 blices
238 2904 380 2966 utilitatis
395 2924 487 2965 ceuss
500 2906 652 2967 smenon
668 2906 773 2987 piguit
798 2907 903 2989 ltsque
916 2908 953 2968 iis
966 2907 1026 2967 boc
1040 2907 1125 2978 loco.
1148 2907 1173 2968 si
1187 2908 1233 2966 lr-

127 3005 186 3064 cile
206 3016 395 3086 peterentur,
411 3027 537 3087 magnes
559 3010 671 3088 gratiss
686 3029 855 3090 egeremus3
876 3009 1053 3092 praesertim
1068 3010 1232 3072 substitus

124 3106 351 3186 utemini,
372 3111 531 3171 marsum
556 3083 730 3174 meinero
755 3113 935 3192 zacagno,
957 3122 989 3173 e
1007 3115 1043 3174 u.
1056 3111 1089 3175 r.
1105 3114 1142 3176 u.
1158 3113 1232 3173 on-

123 3208 216 3287 miro;
236 3212 289 3291 qui
304 3211 507 3275 Bibliothecae
520 3214 682 3276 Vaticanus
705 3217 854 3297 praelecti
879 3215 1027 3277 creditum
1043 3215 1100 3276 sibi
1115 3215 1232 3297 pretio-

122 3311 272 3372 sissimum
289 3313 465 3376 messurum
484 3337 516 3376 co
528 3316 591 3378 fide
608 3318 757 3399 integrum
773 3331 803 3381 et
816 3320 969 3380 illibatum
985 3319 1176 3396 custodiunt,
1198 3329 1233 3380 ut

120 3423 224 3478 temen
244 3437 386 3498 magnum
406 3439 446 3480 ex
468 3439 504 3480 eo
528 3423 749 3484 communicato
768 3425 901 3484 fructum
917 3443 1021 3483 omnes
1037 3421 1147 3482 eruditi
1160 3441 1234 3503 per·

123 3517 254 3598 cipiunt,
276 3530 366 3600 etque
387 3541 426 3583 ex
436 3522 490 3584 ills
503 3524 597 3584 totius
620 3524 745 3588 litterati
758 3525 840 3587 orbis
854 3526 922 3586 lucc
938 3525 1103 3606 conspicue
1118 3525 1236 3586 clarum

121 3622 181 3683 sibi
204 3645 241 3682 uc
262 3627 325 3686 suis
344 3625 449 3686 lumen
470 3625 646 3689 accendent.
687 3629 734 3689 Ex
746 3629 800 3689 illo
821 3628 888 3710 ipso
908 3627 1052 3688 Vaticano
1068 3627 1234 3708 exemplari
1349 3709 1352 3714 .

122 3724 227 3804 libros,
249 3738 283 3789 ut
297 3728 359 3788 ism
375 3728 449 3806 dixi,
472 3729 606 3811 quinque
617 3732 749 3812 integms
764 3731 935 3792 Fridericue
955 3731 1168 3808 Rostgoerdius
1180 3751 1235 3810 per

120 3825 274 3891 bominem
290 3831 459 3909 eruditum,
482 3833 660 3914 popularem
684 3855 792 3908 suum,
815 3835 1017 3915 transcriptos
1033 3833 1236 3895 Bibliothecae

121 3931 227 4012 Regiae
241 3935 373 4008 dicavit,
396 3954 541 4016 suumque
555 3938 634 3997 illud
650 3947 757 3998 votnm
768 3937 911 4019 praeditis
928 3935 1109 4015 elegantibus
1125 3936 1236 3996 beroi-

119 4035 196 4115 legis
210 4035 413 4117 consignavit.
457 4038 516 4098 Sed
533 4038 571 4099 de
584 4041 621 4100 iis
635 4040 722 4102 libris
738 4039 810 4101 alias
822 4040 1035 4124 opportunius.
1077 4040 1235 4104 Pertinent

118 4139 199 4201 enim
219 4141 258 4202 ed
281 4137 407 4202 tertium
428 4141 566 4204 tomum.

205 4243 473 4307 vernalescum
486 4243 589 4308 nullus
603 4245 666 4310 lero
677 4245 713 4332 in
725 4241 818 4310 buius
832 4248 927 4331 pertis
941 4245 1127 4328 mergitibus
1140 4263 1235 4304 enno-
