3084 4862
320 287 556 362 NICEPHORI
576 287 818 360 GREGORAE
837 289 1017 362 ELOGlA.
1123 307 1221 357 uxvss

123 459 148 513 et
165 458 355 512 metm-orum
366 449 529 512 discrimen
544 449 666 512 evidens
680 447 792 514 iecisti.
833 449 909 512 Nam
920 449 1074 530 inquibus
1086 456 1217 534 partica.

121 536 196 596 htim
210 535 341 617 quisque
353 537 546 618 praecipuam
561 544 591 596 et
603 535 783 616 singularem
797 557 918 618 operam
932 548 1114 620 posueruut,
1131 539 1216 603 iniis

121 621 262 701 quosdam
285 642 495 704 supergressus
514 641 562 698 es,
584 641 653 682 cnm
673 621 738 682 aliis
754 620 792 682 ds
810 622 910 704 palma
922 623 1118 702 contendisti;
1138 646 1217 688 nus-

121 727 204 785 quam
223 700 305 768 inira
318 707 433 788 primos
445 707 617 768 substitisti:
639 706 749 782 immo,
768 716 804 767 ut
816 705 985 768 summatim
1001 706 1116 788 dimus,
1137 731 1216 774 unns

119 789 169 852 hos
184 812 291 854 omnes
304 814 339 855 re
352 794 422 875 ipsa
433 792 595 875 superasti,
617 812 652 854 eo
666 792 747 874 quod
760 791 868 854 abillis
886 793 1027 873 pleraque
1038 795 1215 876 multiplicis

120 875 273 938 doctrinae
287 899 397 959 genera
416 880 550 958 neglecta
567 887 655 954 sunt;
678 888 714 938 tu
729 898 799 938 vero
812 877 954 939 universa
973 879 1062 940 simul
1073 901 1215 962 perscru-

119 971 193 1023 tatus
218 984 269 1042 ea,
292 975 379 1025 etex
397 965 478 1026 omni
500 961 679 1026 eruditionis
695 965 909 1046 pastelructus
923 963 1048 1026 eximios
1061 966 1218 1046 produxi-

119 1049 167 1125 sti,
188 1047 343 1130 hebesque
362 1049 399 1109 ab
423 1050 506 1112 omni
525 1049 651 1113 scientia
675 1049 782 1110 famam
797 1059 827 1110 et
841 1069 967 1127 nomen;
990 1049 1034 1111 sic
1049 1061 1084 1112 ut
1096 1059 1218 1132 potitam

121 1141 154 1210 te,
177 1144 342 1213 oratorem,
364 1135 538 1217 sophistam,
558 1133 747 1211 historicum,
767 1143 798 1196 et
819 1135 885 1196 aliis
904 1133 1030 1216 siugulis
1045 1138 1217 1198 nominibus

119 1218 223 1299 siquis
237 1220 415 1304 compellet,
435 1221 462 1282 is
484 1243 502 1281 a
522 1241 596 1281 vero
612 1220 802 1282 aberraturus
818 1221 945 1282 nonsit.
987 1221 1049 1281 Iam
1061 1222 1099 1284 ab
1113 1222 1218 1303 philo-

119 1303 238 1386 sophia,
260 1307 453 1368 scientiarum
475 1306 701 1386 angustissima,
730 1306 798 1386 quia
817 1325 889 1367 vera
913 1314 959 1366 eet
984 1305 1218 1369 denominatus?

118 1389 222 1450 Nonne
243 1391 289 1468 is,
310 1391 363 1472 qui
382 1413 446 1453 non
458 1393 558 1453 solum
574 1411 607 1452 re
621 1388 670 1473 (ut
682 1391 726 1452 its
741 1390 852 1474 dicam)
865 1390 1066 1473 philosophus
1077 1402 1138 1468 est,
1164 1393 1218 1454 sed

120 1476 165 1534 cni
175 1475 239 1536 hoc
255 1495 366 1538 nomen
381 1475 409 1555 ¹)
432 1478 470 1538 ab
485 1476 624 1538 omnibus
636 1498 692 1559 pro
708 1477 765 1536 alia
781 1477 887 1558 quavis
896 1477 1098 1558 appellatione
1112 1477 1219 1540 tribui·
1248 1487 1253 1496 “

119 1561 188 1622 tur'l
210 1561 302 1624 Multi
326 1561 534 1645 philosophias
556 1562 754 1624 studuerunt:
775 1584 853 1624 unua
874 1572 909 1624 tu
920 1582 1032 1624 nomen
1049 1583 1086 1626 ax
1101 1584 1135 1624 ea
1148 1583 1220 1625 sor·

120 1647 189 1708 titus
204 1667 237 1710 ea
250 1648 404 1710 eximium.
446 1649 565 1710 Etenim
585 1669 686 1710 rerum
702 1649 900 1728 cognitionem
915 1656 1028 1710 certam
1045 1649 1101 1710 tibi
1113 1649 1220 1729 provi-

121 1731 186 1794 dere
208 1743 238 1793 et
259 1731 370 1794 harum
385 1755 488 1796 caussa
512 1735 644 1817 perlecta
666 1733 824 1816 explorare
841 1754 911 1794 cum
924 1733 1036 1812 velles,
1057 1733 1221 1815 physiolo-

121 1817 193 1894 giam
207 1819 329 1898 quidem
338 1820 518 1898 universam,
534 1817 764 1900 ettheologiam,
778 1829 808 1880 et
822 1819 934 1899 logicas
946 1819 1219 1899 argumentationes

122 1901 286 1982 diligentius
297 1906 519 1986 pervestigssti,
540 1926 629 1986 quam
644 1925 679 1966 ee
692 1925 768 1986 quae
782 1905 928 1967 dicuutur
942 1905 1113 1968 rudimenta
1127 1906 1221 1986 primi

122 2007 278 2067 puerorum
300 1991 449 2055 doctores.
493 1991 571 2051 Tum
591 1989 785 2052 scientiarum
804 1990 1016 2072 primariorum
1038 2011 1091 2052 seo
1104 1989 1219 2052 mathe-

122 2083 227 2134 mstnm
242 2075 344 2136 studio
358 2075 392 2136 id
406 2085 584 2158 assequutus
605 2097 651 2154 es,
672 2086 709 2140 ut
730 2076 802 2138 solis
816 2085 933 2136 motum
946 2085 977 2136 et
988 2095 1125 2152 cursum,
1145 2077 1220 2136 reli-

124 2177 245 2237 quorum
268 2161 401 2223 siderum
419 2171 596 2244 potestates,
619 2161 713 2224 totius
733 2161 840 2223 mnndi
862 2170 894 2222 et
906 2161 1038 2244 partium
1061 2163 1126 2224 eins
1138 2159 1221 2223 inter

125 2263 154 2302 se
166 2265 366 2309 monetarum
380 2258 577 2324 concentum,
599 2247 841 2328 dispositionem,
862 2248 1107 2329 proportionem,
1125 2247 1219 2326 magis

125 2349 205 2408 quam
217 2331 296 2394 alius
308 2331 467 2414 quisquam
480 2333 670 2412 intelligeres.
713 2333 797 2408 Quae
809 2343 845 2394 tu
860 2333 997 2394 docendo
1014 2355 1081 2396 cum
1099 2352 1220 2394 enarres

124 2423 153 2474 et
171 2417 307 2497 plurimis
331 2417 488 2498 discipulis
508 2419 626 2497 tradas,
649 2418 781 2498 singulis.
792 2439 849 2500 pro
868 2439 922 2480 suo
935 2428 1027 2500 captu
1040 2416 1221 2499 accipienti·
1296 2472 1300 2480 .

125 2497 191 2578 bus,
210 2522 273 2563 non
294 2503 372 2564 sines
389 2502 633 2585 philosophiam,
658 2504 744 2566 cuius
770 2503 815 2566 rei
837 2504 984 2585 possessio
1011 2503 1126 2565 homini
1142 2503 1220 2582 pul-

125 2583 264 2648 cherrirna
277 2597 332 2667 est,
345 2589 467 2669 penitus
483 2611 522 2650 ex
533 2588 705 2651 hominibus
719 2589 868 2650 sublatam
883 2589 1054 2650 obscuraris
1067 2588 1120 2650 sed
1132 2587 1220 2649 libris

125 2671 220 2734 maiori
247 2675 462 2756 perspicuitate
482 2675 656 2756 compositis
678 2673 867 2755 quorundam
885 2673 1011 2735 obscure
1028 2674 1108 2735 dicta
1122 2674 1219 2734 relor·
1244 2703 1249 2706 ·

125 2756 223 2830 nabis,
244 2759 605 2841 interpretationibusque
626 2769 657 2822 et
676 2760 843 2844 praeceptis
862 2759 1015 2820 auditores
1031 2757 1075 2820 ita
1089 2757 1218 2834 erudies,

126 2850 157 2900 ut
181 2863 243 2904 eam
272 2845 430 2906 scientiam
458 2845 627 2927 posteritati
653 2845 811 2907 florentem
831 2844 1062 2908 transmissurus
1080 2844 1132 2904 sis.
1174 2843 1219 2904 Ac

126 2929 255 2992 nonnulli
269 2931 392 3012 quidem
406 2941 557 3008 oratores,
580 2951 648 2994 cum
661 2931 782 3012 ingenio
797 2931 895 2992 minus
913 2930 1065 3006 valerent,
1087 2929 1219 2990 dicendo

126 3009 202 3092 longe
221 3017 448 3096 praestiterunt
492 3017 553 3079 Alii
574 3027 680 3079 contra
701 3016 890 3097 intelligendi
912 3015 1054 3078 facultate
1071 3015 1221 3095 pollentes
1277 3089 1281 3103 Ι

126 3099 186 3158 radi
202 3110 232 3161 et
256 3102 459 3183 incomposito
483 3122 619 3164 sermone
639 3102 685 3164 usi
700 3112 781 3164 sunt.
823 3101 977 3177 Quosdam
992 3101 1109 3174 videas,
1130 3101 1220 3160 etism

128 3184 198 3260 quod
216 3185 255 3246 ad
278 3187 501 3265 grammaticam
522 3197 617 3250 artem
632 3189 757 3267 attinet,
779 3186 856 3248 nihil
879 3187 920 3248 ab
935 3186 996 3246 illis
1011 3185 1143 3261 differre,
1165 3183 1220 3264 qui

128 3268 235 3332 minime
254 3271 342 3352 loqui
368 3273 489 3350 sciunt,
509 3282 545 3334 ut
569 3274 608 3336 iis
629 3273 722 3354 magis
737 3273 880 3354 expediet
900 3272 1006 3349 silere,
1029 3289 1120 3352 quam
1135 3267 1220 3349 turpi

129 3349 300 3430 ignorantiae
324 3358 450 3421 crimine
470 3359 564 3439 argui.
607 3359 655 3420 Tu
676 3359 814 3420 domnus
835 3367 866 3418 et
888 3357 1008 3436 ingenio
1030 3355 1155 3435 eosqui
1172 3353 1221 3414 his

128 3437 203 3499 rebus
219 3441 445 3504 instructissimi
466 3447 608 3519 fuerunt,
629 3445 771 3506 facundis
790 3452 821 3504 et
847 3442 1010 3504 verborum
1029 3441 1148 3504 delectu
1169 3460 1221 3500 cos

131 3523 217 3600 quiin
238 3525 297 3589 hac
317 3538 404 3610 parte
424 3531 634 3593 excelluerunt
652 3529 819 3592 aemulatus
838 3547 880 3588 es.
922 3527 1029 3606 ltaque
1049 3535 1132 3586 tuam
1155 3525 1221 3586 alo·

132 3611 267 3684 quantiam
290 3633 330 3674 ex
350 3615 426 3695 ipsis
448 3615 536 3694 quasi
554 3614 651 3676 bortis
669 3614 778 3676 Atticis
791 3612 990 3696 prodeuntem
1003 3611 1036 3672 iu
1053 3631 1110 3672 nos
1130 3611 1222 3672 inva-

133 3689 189 3754 dere
201 3699 353 3776 antimus,
376 3699 493 3778 quoties
509 3699 603 3760 libros
616 3711 687 3760 tuoa
702 3701 734 3760 in
756 3714 862 3760 manus
877 3697 1037 3758 sumimus:
1059 3716 1096 3757 sc
1108 3715 1221 3756 sermo·

132 3793 192 3840 num
214 3791 337 3844 tuorum
367 3785 517 3855 illecebris
541 3786 627 3846 velut
646 3784 792 3846 machinis
813 3782 993 3868 quibusdam
1015 3781 1095 3862 capti
1116 3799 1220 3842 omues

133 3877 337 3948 expugnantur,
348 3879 507 3951 propterea
520 3871 601 3950 quod
615 3871 803 3932 efflorescens
817 3889 856 3930 en
870 3867 907 3929 iis
918 3869 1002 3949 lepos
1018 3875 1048 3928 et
1060 3866 1221 3936 verborum

134 3961 276 4027 appensus
293 3954 528 4038 speciosissimus
548 3955 715 4018 auditorem
726 3955 875 4016 allicimst.
917 3955 1023 4034 Neque
1034 3971 1108 4013 vero
1122 3950 1218 4012 multa

134 4035 161 4088 lt
171 4037 287 4098 eruditio
310 4039 485 4121 prohibuit,
507 4061 546 4102 ne
560 4042 708 4104 orationes
724 4061 814 4122 quem
826 4040 940 4122 optima
959 4037 1142 4112 elaborares,
1163 4053 1221 4096 nec

135 4129 286 4184 tumorem
307 4135 396 4187 tuum
420 4126 485 4188 ulla
501 4126 569 4190 labe
596 4127 751 4210 corrupit,
778 4127 882 4188 eiusve
910 4123 1091 4209 expolitioni
1113 4120 1220 4183 obluit.

172 4295 198 4364 1)
214 4299 341 4374 firmam
359 4307 531 4380 Philosophus
545 4323 596 4382 pes
610 4306 812 4366 antonomasiam
827 4305 926 4366 dictu.
