3084 4862
249 269 300 318 111
682 255 747 324 10..
759 255 928 334 Botvtltl

250 429 290 490 ts,
314 437 391 500 queo
403 415 540 478 Petet-ins
555 436 573 477 e
587 415 740 478 Frontone
753 415 871 476 llueeeo
883 423 1008 497 accepto
1020 415 1138 498 primus
1151 419 1303 501 vulgavit,
1325 431 1356 484 et

247 516 412 602 Nicephori
433 519 622 601 patriarchae
637 517 790 580 Breviario
801 517 947 580 historico
963 519 1130 582 subiunxit.
1173 523 1304 584 Deersnt
1325 533 1356 586 et

250 623 310 684 alie
325 643 386 682 non
399 622 534 698 minore;
557 621 643 701 quale
655 632 702 684 est
713 622 828 702 insigne
844 621 925 682 illud
937 621 975 682 de
990 622 1147 684 Athenssii
1164 625 1355 708 petrisrehee

248 723 420 802 severitate,
436 723 515 786 etde
528 723 743 786 monachorum
756 720 889 786 moribus
903 724 1083 802 emendetis3
1100 724 1174 788 item
1190 747 1269 808 quae
1281 749 1354 811 per·

248 826 347 886 tinent
361 825 400 886 ad
417 826 547 890 eiusdem
562 827 632 888 libri
652 835 742 907 ceput
758 825 936 908 septimum,
958 826 998 887 sd
1017 826 1090 888 libri
1103 830 1178 890 noni
1194 838 1287 912 caput
1299 853 1359 892 se·-

249 928 400 1002 cuudum,
423 938 453 989 et
467 930 506 989 nd
519 927 592 990 libri
606 928 757 990 undecimi
768 939 860 1010 caput
872 930 945 992 item
960 928 1134 992 secundum.
1176 933 1310 1014 Denique
1320 933 1354 994 in

249 1031 377 1110 singulis
389 1032 451 1093 lere
465 1031 581 1112 peginis
597 1031 689 1092 dictio
702 1033 799 1112 eliqua
813 1040 866 1091 eut
878 1032 967 1092 etiem
978 1032 1083 1112 plures
1098 1031 1353 1108 desiderabantur.

248 1133 309 1196 Eos
323 1153 425 1196 omnes
440 1134 576 1196 delectus
589 1153 628 1196 ex
648 1135 754 1195 codice
764 1133 819 1194 illo
833 1133 926 1212 hegio
940 1133 1148 1214 supplevimus
1163 1136 1197 1196 in
1215 1137 1272 1200 hee
1288 1139 1353 1198 edi-

248 1235 342 1297 tione.
383 1236 498 1300 hluiore
509 1237 719 1318 eupplementa
730 1235 763 1296 in
780 1235 963 1316 marginibus
976 1235 1122 1296 indicula:
1145 1238 1263 1300 minore
1283 1260 1353 1301 1111-

250 1337 335 1400 cellia
346 1335 374 1420 *l
397 1340 527 1416 inclusa;
548 1338 675 1400 mendae
692 1347 858 1423 prseteree,
880 1357 958 1422 quae
970 1337 1145 1402 1111111111
1168 1351 1272 1418 mant,
1292 1361 1352 1424 ope

249 1441 383 1504 eiusdem
396 1441 508 1504 codicis
522 1441 662 1506 eubletee.

335 1545 450 1606 Rursus
462 1545 497 1605 in
510 1566 546 1606 eo
557 1546 624 1626 ipso
647 1545 752 1607 codice
765 1543 826 1608 hoc
839 1553 949 1608 notatu
964 1543 1173 1624 dignissimum
1188 1555 1249 1625 est,
1269 1545 1355 1628 qnod

251 1665 327 1725 quse
347 1647 493 1725 Gregoree
515 1649 599 1709 libris
618 1657 748 1728 quatuor
766 1647 926 1730 postremis
946 1647 1079 1729 plurime
1095 1648 1242 1726 inseruit,
1261 1647 1354 1709 variis

250 1749 434 1830 temporibus
446 1773 465 1810 1
476 1769 508 1810 se
521 1749 710 1830 elucubrate,
729 1773 763 1812 ee
779 1751 841 1812 lere
859 1749 960 1813 omnin
976 1749 1088 1812 ibidem
1102 1750 1217 1828 desint5
1237 1749 1283 1810 eic
1301 1770 1355 1810 eu-

247 1862 310 1912 tem
329 1853 389 1914 suis
405 1873 540 1934 quaeque
560 1853 636 1914 locis
657 1853 754 1914 reciso
779 1853 914 1932 luerint,
935 1863 971 1916 ut
987 1853 1170 1916 nemtionie
1192 1862 1353 1914 contextae

247 1954 335 2016 nullo
350 1953 436 2016 hiatu
449 1955 597 2037 abruptus
610 1957 661 2033 sit,
675 1956 730 2018 sed
742 1957 881 2017 omnibus
894 1956 1030 2038 partibus
1044 1966 1114 2037 epte
1128 1954 1354 2022 cohaerentibus

247 2055 363 2136 integer
376 2067 406 2117 et
421 2058 582 2132 continuus
596 2060 750 2140 procedet.
792 2059 828 2119 ld
845 2060 993 2139 Gregorio
1006 2058 1102 2141 ipsius
1116 2057 1229 2119 iudicio
1241 2059 1355 2130 fectum

250 2160 359 2222 velim:
381 2181 478 2240 neque
494 2183 512 2220 1
524 2181 597 2222 vero
621 2161 780 2242 abhorret,
799 2181 870 2222 eum
889 2163 1005 2243 primae
1024 2162 1163 2222 editionis
1185 2182 1285 2222 rmore
1300 2181 1354 2224 re·

248 2261 393 2342 frigereto
408 2283 498 2324 enum
510 2285 587 2348 opue
603 2265 829 2345 recognovisse,
850 2286 886 2324 ac
903 2287 936 2326 ee
953 2285 1029 2345 quse
1052 2263 1223 2327 ostentandi
1240 2263 1354 2342 ingenii

250 2386 340 2426 cause
355 2377 485 2428 assuerat
494 2411 504 2446 ,
524 2368 690 2446 monodies,
711 2367 871 2446 orationes,
893 2368 1010 2448 aliaque
1027 2367 1059 2430 id
1073 2387 1166 2446 genus
1182 2367 1354 2428 reaecuisse.

250 2466 363 2531 Vereor
376 2479 490 2548 11111111,
509 2492 547 2534 ne
561 2482 592 2533 et
604 2471 716 2550 gloriae
730 2471 822 2552 peulo
838 2471 953 2532 avidior
974 2492 1026 2532 eos
1045 2489 1179 2552 pennos,
1205 2471 1238 2530 in
1256 2471 1354 2552 prima

249 2572 416 2654 scriptione
438 2576 580 2652 omissos,
614 2573 743 2655 repetito
766 2575 875 2636 deinde
902 2575 987 2656 operi
1012 2573 1231 2634 intertexuerit.
1271 2574 1354 2634 Hoee

248 2673 315 2756 ipse
330 2685 410 2736 certe
417 2720 426 2752 ,
452 2694 561 2755 queea
584 2675 688 2736 codice
702 2677 794 2756 Regio
814 2677 915 2738 abesae
933 2677 1075 2753 dicimus,
1097 2675 1175 2736 nibil
1198 2677 1237 2736 ed
1257 2675 1354 2737 bisto-

247 2777 326 2838 riem
339 2778 506 2857 pertinent:
527 2778 620 2840 immo
634 2777 810 2840 historicam
824 2801 926 2841 rerum
942 2780 1046 2840 seriem
1062 2779 1300 2858 interrumpunt,
1323 2787 1355 2838 et

247 2881 357 2941 lectori
370 2879 409 2940 ed
420 2880 533 2941 maiore
555 2881 709 2942 festinanti
723 2901 838 2942 morem
851 2882 1006 2944 obiiciunt.
1039 2882 1151 2942 Tamen
1161 2880 1231 2960 quia
1243 2879 1275 2938 in
1287 2879 1353 2955 illo,

248 3004 310 3064 quo
331 3004 405 3047 usus
425 2993 471 3044 eet
486 2983 633 3062 Wolfius,
657 2983 761 3044 codice
780 2983 985 3066 manuscripto
1010 3003 1080 3043 euni
1104 2984 1206 3043 locum
1231 2981 1353 3042 obtine-

248 3085 321 3146 bant
345 3107 435 3167 quem
454 3086 489 3146 in
504 3085 590 3148 libris
608 3085 696 3148 editis
714 3085 841 3165 hebent,
862 3085 1122 3148 111111111111111
1139 3105 1173 3144 11
1193 3083 1262 3144 1111
1282 3105 1353 3144 mo·

247 3209 318 3252 vere
329 3198 360 3250 et
372 3190 434 3249 elio
447 3189 600 3268 relegeret
621 3189 674 3250 aed
690 3187 811 3267 eedem,
833 3197 863 3250 et
877 3191 936 3250 alia
951 3188 1097 3269 quaedem
1117 3187 1203 3249 uncis
1224 3185 1352 3252 inclusa,

249 3313 314 3354 non
328 3312 502 3373 comparere
513 3291 548 3354 in
570 3291 677 3356 codiee
689 3290 791 3374 Regio,
810 3291 953 3354 lectorem
966 3290 1120 3354 admoneri
1130 3287 1202 3352 setis
1217 3308 1280 3350 esse
1291 3309 1352 3370 pn-

248 3396 387 3458 1111111111.

332 3497 438 3560 Veriee
461 3495 606 3560 lectionea
629 3498 789 3579 pleresque
817 3494 1025 3579 suppeditavit
1049 3493 1128 3559 idon
1146 3490 1351 3554 Bibliothecae

246 3601 355 3681 Regiae
369 3601 466 3662 codex
470 3619 483 3675 ,·
504 3621 617 3682 peuces
628 3621 701 3662 vero
716 3599 744 3659 is
758 3599 845 3660 cuius
859 3620 1002 3662 numerus
1014 3607 1059 3660 eet
1071 3601 1171 3672 2078,
1190 3615 1296 3677 perum
1312 3595 1351 3656 eh

247 3705 335 3766 editis
350 3703 488 3766 diversus
497 3724 508 3780 3
529 3703 590 3762 nisi
603 3702 686 3783 quod
701 3701 736 3762 in
752 3701 901 3764 librorum
916 3712 948 3764 et
970 3701 1103 3782 ospitem
1119 3699 1266 3762 divisione
1285 3697 1350 3758 dis-

247 3818 368 3889 crepat:
387 3807 484 3868 libros
507 3813 608 3865 autem
631 3825 694 3866 non
707 3805 811 3886 plures
825 3805 961 3866 continet
973 3823 1063 3884 quem
1077 3813 1217 3884 quatuor,
1232 3800 1352 3866 temetsi

246 3905 398 3988 praefixus
408 3917 454 3966 ert
466 3905 560 3969 index
573 3905 723 3979 librorum
732 3927 796 3970 sex.
821 3906 1073 3984 Monodieeduae,
1087 3904 1263 3975 erescilioet
1274 3923 1352 3982 quoe

245 4009 368 4070 initium
379 4010 450 4072 libri
463 4009 570 4073 decimi
586 4008 791 4086 constituunt,
815 4007 974 4088 cestigetse
988 4019 1020 4070 et
1041 4009 1158 4089 aliquot
1171 4005 1350 4069 lectionibus

281 4161 311 4231 *)
325 4161 442 4230 [ltltnore
457 4177 560 4232 qnoque
571 4157 649 4214 11111111
663 4157 761 4214 codicis
781 4174 811 4213 eu
831 4157 976 4229 plenente;
995 4159 1117 4216 cancellis
1139 4155 1264 4223 sublatis,
1280 4155 1348 4212 tout

316 4241 407 4286 osotm
420 4232 448 4288 in
461 4233 511 4288 hae
522 4247 590 4290 uera
602 4227 717 4286 editione
728 4230 794 4286 torm
845 4247 853 4284 1
872 4231 935 4288 edd
951 4233 996 4302 1.]
