2986 4886
264 277 501 351 Metellum
522 276 761 348 GREGORAE
781 277 957 348 ELOGIA.
1095 287 1163 342 xcv

150 437 360 502 decentiorem
379 436 566 516 testimonia,
593 445 700 518 utpote
718 437 891 519 pervolgata
911 446 943 498 et
962 435 1088 498 cuilibet
1108 436 1163 500 ob·

85 525 134 603 ria,
153 525 275 588 omuino
287 523 374 606 potui
387 523 540 601 omittere,
564 531 595 584 ot
606 525 732 585 tommo
749 523 848 588 debui.
891 523 949 585 Sed
968 545 1008 584 ne
1020 521 1162 588 huiuaac

84 611 226 692 superioria
237 611 349 672 saeculi
362 608 533 672 hominibus
547 609 638 671 iidem
651 609 806 690 abrogasse
822 629 982 691 eorumque
996 607 1163 672 auctorita-

83 705 130 756 tem
146 696 358 779 contempsisse
373 695 493 773 videar,
513 716 567 758 aex
590 704 642 756 aut
659 705 771 778 septem
783 694 846 758 huc
859 696 1040 778 producam:
1062 704 1162 758 caete-

82 801 122 842 roa
133 782 263 844 iudicare
275 783 348 844 satia
363 781 462 844 suerit.

237 885 262 946 1.
276 887 424 964 Lipsius,
447 884 520 948 Not.
534 879 581 944 od
588 881 658 944 Lib.
673 880 703 946 Ι.
719 884 844 948 Politic.
859 883 934 964 Cap.
949 903 1000 946 rx.

150 968 336 1051 Nicephorua
359 969 504 1050 Gregoraa
523 968 679 1030 historiam
703 979 733 1029 et
747 969 833 1030 filum
851 967 1029 1031 uenationis
1043 965 1164 1028 Nicetes

84 1051 221 1116 choniatis
234 1056 369 1138 excepit,
391 1065 423 1116 at
441 1077 504 1116 non
524 1055 653 1116 laudem.
695 1055 821 1137 Scripsit
839 1055 919 1117 enim
936 1055 972 1116 ab
984 1055 1058 1116 urbe
1076 1061 1164 1134 capta

82 1157 119 1198 rea
130 1141 166 1200 ad
179 1139 346 1204 Andronici
360 1140 526 1221 Palaeologi
541 1141 715 1222 posterioris
732 1151 875 1219 mortem,
901 1141 954 1203 aed
974 1157 1164 1221 nequaquem

80 1226 134 1303 peri
153 1227 342 1307 castigatione
356 1237 407 1288 aut
421 1227 578 1303 industria,
599 1237 629 1288 et
639 1225 714 1286 vitia
726 1227 813 1308 plura
823 1227 918 1288 traxit
929 1226 977 1286 aui
990 1225 1066 1289 aevi.
1108 1226 1165 1284 Su-

80 1309 189 1389 potuit
205 1321 257 1374 aut
270 1323 425 1392 evagatur,
451 1323 481 1374 et
496 1333 543 1374 rea
558 1313 766 1394 orationesque
778 1313 915 1394 proprias
934 1311 1055 1389 miscet,
1075 1309 1164 1370 inde-

80 1414 152 1468 core,
170 1397 229 1458 imo
242 1399 354 1480 inepte.
395 1398 511 1459 iudicia
524 1409 623 1459 tamen
634 1398 696 1458 eiua
711 1398 823 1475 crebra,
839 1408 868 1458 et
881 1399 1058 1480 plerumque
1071 1404 1163 1456 recta.

80 1479 190 1542 Camaae
210 1493 373 1546 eventuum
387 1484 504 1546 canoas
517 1484 648 1566 positaer
669 1483 763 1565 pietas
778 1483 939 1560 incrrlcata,
961 1493 990 1544 et
1002 1482 1094 1542 multe
1108 1501 1166 1562 op-

79 1577 196 1646 portune
208 1569 248 1630 ad
258 1570 389 1652 primam
403 1571 485 1632 illam
498 1590 626 1647 musam,
640 1570 661 1632 i.
676 1590 701 1634 a.
717 1571 823 1648 Deum,
838 1569 976 1650 relegata.
1002 1571 1079 1628 Sane
1090 1587 1166 1648 pro-

78 1651 228 1714 videntiam
246 1665 277 1716 et
297 1657 394 1716 iatum
406 1676 469 1716 non
487 1656 564 1718 aliua
578 1656 710 1736 acriptor
729 1656 856 1718 asseruit
870 1655 972 1735 magis.
1013 1652 1166 1733 legendus

80 1755 139 1796 cum
152 1738 209 1802 hoc
224 1740 365 1820 nomine,
386 1750 452 1802 tum
468 1742 556 1802 fflam
569 1742 641 1818 illo,
662 1741 744 1822 quod
758 1743 900 1824 pleraque
915 1742 977 1802 eius
988 1737 1113 1800 historia
1128 1737 1166 1798 ab

79 1841 143 1882 aevo
155 1835 256 1886 nocuo
271 1847 333 1887 non
345 1826 484 1888 dissidet:
505 1827 567 1889 imo
580 1829 648 1890 lites
663 1827 874 1911 ffiaoenauaquc
884 1827 918 1888 iu
933 1827 1025 1890 sacris
1036 1823 1166 1907 reperiaa

78 1903 153 1968 lraud
165 1911 322 1974 dissimiles
340 1911 505 1976 hodiernis.

81 2009 225 2073 Gretamu
248 2017 284 2074 in
305 2015 434 2078 lomenia
450 2013 860 2094 antccueeniffeetoriom,
881 2011 952 2080 edit.
966 2015 1042 2096 Reg.
1054 2015 1166 2094 putu.
1235 2011 1240 2026 ⁸

152 2115 335 2198 Mesphorua
354 2117 500 2198 Gregoraa
527 2117 610 2180 omni
627 2119 796 2182 litterarum
813 2117 983 2199 cognitione
999 2137 1033 2178 ea
1054 2126 1166 2199 tempe·
1277 2119 1279 2128 ’

79 2205 145 2259 atate
155 2203 234 2282 apud
248 2203 379 2265 Graecos
392 2203 528 2266 illustria

78 2299 152 2362 idern
162 2305 231 2366 Lib.
257 2304 313 2371 III.
332 2305 586 2370 Observationum
604 2309 638 2368 ia
657 2307 767 2390 Georg.
789 2304 951 2370 Codicum.
982 2306 1057 2388 Cap.
1073 2323 1166 2369 xm.

150 2407 338 2490 iiroeplrorus
357 2409 502 2490 Gregoraa
516 2431 569 2472 sua
583 2410 616 2469 in
628 2408 753 2472 historia
766 2433 872 2495 parum
886 2409 981 2472 amico
995 2410 1095 2470 animo
1109 2408 1169 2469 fuit

76 2489 107 2550 in
121 2491 319 2556 Andronicum
335 2495 482 2557 iuniorem
494 2498 708 2579 Imperatorem
732 2506 762 2558 et
780 2499 813 2558 in
830 2497 970 2559 loannem
982 2497 1168 2556 Cantacuae-

77 2583 527 2660 aum,magnumDomee1icunr;
550 2583 587 2643 de
600 2603 661 2662 qua
676 2583 824 2662 Gregorae
836 2583 995 2663 iniquitate
1011 2588 1094 2642 extat
1106 2599 1169 2661 pu-

76 2659 146 2722 blica
158 2667 657 2744 querimoniaCantacuaenilib.1v.
666 2687 731 2748 cap.
741 2689 829 2732 xxiv.
840 2677 950 2729 etxxv.
972 2667 1034 2728 Nec
1047 2665 1168 2742 mirum,

77 2747 139 2824 quia
153 2751 330 2831 sequebatur
344 2764 444 2834 partes
459 2751 626 2814 Andronici
641 2753 778 2832 senioris,
795 2754 846 2814 cui
861 2752 1082 2813 addictissimus
1094 2760 1168 2828 erat,

76 2840 168 2912 utpote
188 2837 330 2918 plurimis
351 2838 503 2900 beneficiis
529 2838 565 2898 ab
587 2839 643 2898 illo
667 2837 790 2900 affectus
814 2849 845 2900 et
867 2839 981 2918 magnis
1000 2835 1167 2900 honoribus

76 2920 239 2985 umorue
284 2924 434 2999 Quocirca
454 2925 600 2985 calamam
616 2923 770 2985 continere
785 2945 848 2986 non
861 2924 977 3007 potuit,
1006 2924 1167 3004 quominus

76 3001 220 3083 aliquando
228 3009 437 3071 Andronicum
445 3010 593 3071 iuniorem
609 3010 885 3072 etGantacuaenum
898 3009 1079 3072 mordaciter
1093 3029 1167 3093 per-

78 3091 236 3172 ·triugeret,
258 3104 290 3156 et
304 3095 514 3156 calumniatio
527 3095 649 3158 chartea
662 3095 837 3160 effunderet.

163 3199 327 3258 Pontonue
334 3244 343 3276 ,
367 3201 401 3258 iu
414 3201 614 3278 Praefatione
626 3201 786 3260 Historiae
801 3199 1072 3261 Cautacuaenicae.

149 3278 256 3345 Verum
270 3284 340 3364 quia
352 3285 497 3364 Gregoree
509 3286 564 3346 iate
579 3303 646 3362 avo,
666 3285 700 3344 in
712 3287 798 3346 ouius
811 3285 909 3345 aulam
922 3284 1047 3345 desertis
1061 3282 1168 3344 auidiis

78 3355 234 3429 utentibus
253 3388 285 3430 ac
307 3371 453 3448 contulit,
474 3370 616 3445 amicior,
636 3371 742 3452 nepoti
760 3380 859 3432 autem
876 3369 1010 3450 iniquior
1029 3368 1105 3430 suite
1125 3369 1168 3430 il-

78 3442 185 3530 lumque
202 3454 368 3536 plmimum
384 3465 414 3516 et
429 3476 517 3539 saepe
531 3457 765 3516 commendavit:
788 3455 871 3517 huno
885 3464 1004 3536 aperta,
1025 3473 1082 3514 neo
1101 3474 1167 3516 nro-

78 3527 134 3594 dics
145 3547 245 3600 etnon
259 3561 330 3602 raro
344 3541 533 3602 inaimulavit
551 3563 587 3602 ac
606 3542 809 3624 vituperavit:
832 3540 871 3600 ad
890 3540 966 3601 haec
990 3559 1066 3619 quae
1087 3541 1168 3604 inter

78 3611 137 3679 illos
149 3625 321 3688 acciderunt
334 3637 451 3708 partem
465 3627 626 3688 maximam
639 3629 764 3689 minimo
782 3635 935 3708 comperta
949 3624 1069 3687 habuit:
1092 3645 1167 3706 quae

78 3711 163 3768 ittera
173 3712 337 3794 comperit,
358 3733 392 3774 ea
407 3714 546 3792 confuse,
566 3713 759 3795 imperfecte,
782 3712 929 3794 quaedam
946 3731 1067 3794 quoque
1079 3713 1167 3772 aliter

78 3785 228 3876 flliquanto,
254 3797 331 3878 quid
343 3797 522 3880 aliquanto?
542 3800 640 3859 multo
660 3800 748 3860 aliter
765 3817 856 3880 quam
870 3809 1036 3858 evenerant
1056 3808 1168 3860 etcum

77 3878 222 3944 mendaciis
237 3883 396 3966 upoanit:
419 3885 453 3946 in
466 3885 561 3968 ipsius
575 3905 694 3966 quoque
709 3883 910 3945 Gentacuzeni
921 3883 1001 3944 bello
1019 3883 1168 3964 rebusque

78 3967 326 4030 commorandi·
340 3967 430 4051 (qnae
442 3971 555 4053 scripta
567 3971 617 4034 vel
630 3970 821 4045 interierunt,
843 3971 893 4030 vel
906 3967 1005 4030 adhuc
1017 3971 1049 4030 in
1066 3970 1168 4049 aliqua

78 4037 244 4114 Bibliotheca
262 4055 380 4136 latent)
402 4075 511 4139 parum
527 4056 607 4117 bona
632 4056 693 4118 fide
713 4057 920 4138 malevoleque
947 4065 1085 4117 versatus
1107 4064 1166 4115 ests

80 4123 287 4231 cnfl'lacrtaer'rua
308 4138 384 4202 haec
404 4143 481 4204 vitia
503 4163 567 4204 non
591 4143 690 4204 ierem
712 4143 801 4223 longe
824 4139 992 4219 sincerius,
1019 4143 1167 4222 longeque

81 4221 227 4302 ⁰⁰me,
248 4225 438 4308 distinctius,
459 4227 625 4329 integrius,
639 4229 762 4331 'certius
787 4229 888 4290 omnia
906 4226 1088 4311 explicavit,
1108 4235 1165 4288 etc.

151 4387 287 4457 ttamen
310 4395 378 4460 lieri
405 4311 766 4482 potoetldptaq'qssgqm
785 4399 824 4461 de
844 4398 979 4460 moribus
997 4392 1165 4466 Andronici
