3084 4862
320 269 556 340 NlCEPHORI
579 267 819 340 GBEGORAE
839 271 958 346 VITA.
1117 289 1206 339 xxxv

120 453 225 496 uuum.
234 430 369 492 necant.
384 429 434 492 die
448 451 518 492 vm.
528 430 561 490 iu
568 427 726 512 pervigilio
735 429 945 512 Conceptionin
959 431 1132 516 uvirginia
1148 435 1204 498 Dei

116 521 223 597 matria,
249 539 319 580 cum
338 517 371 576 in
390 516 508 577 Choroe
529 515 703 576 monasterii
728 516 831 578 aedem
856 537 963 598 magna
979 528 1010 580 et
1033 523 1204 601 promiacuu

115 605 258 666 huminum
284 603 375 664 turba
398 601 605 681 conveniant,
627 601 731 662 eodem
753 621 821 662 cum
842 604 966 664 cauteria
985 604 1107 686 irrepsit
1125 607 1204 688 dge-

115 691 278 771 thangelua‚
302 689 452 768 Gregorio
466 686 620 768 quondam
643 687 828 767 discipulua3
852 708 888 748 ac
905 689 1026 750 circiter
1039 693 1204 756 secuudum

114 777 201 836 noct'u
224 775 356 854 vigilium
383 775 417 834 in
441 773 575 853 magistri
598 771 771 834 cubiculum
795 794 851 856 per
876 775 1036 836 fenestram
1058 777 1204 840 admineue

114 871 161 924 eet.
193 861 285 940 Aegre
298 860 335 920 uh
346 860 401 920 illo
413 860 541 940 agnitua,
564 868 722 940 propterea
736 860 817 938 quod
832 860 920 921 annia
940 860 1041 922 decem
1060 862 1131 924 totia
1149 884 1204 945 pa·

114 947 167 1006 tria
177 947 328 1018 ablueret,
351 955 421 1026 poet
436 946 545 1006 amicae
562 945 646 1004 ultro
660 943 792 1024 citroque
804 945 1000 1007 allocutione·
1013 947 1143 1029 primum
1155 969 1203 1012 ree

114 1032 184 1092 inter
205 1031 456 1114 peregrinandum
474 1031 553 1092 meae
572 1031 621 1091 vel
646 1029 779 1110 auditae,
796 1029 908 1102 ¹deinde
926 1041 957 1092 et
972 1053 1021 1109 ea,
1043 1051 1120 1113 quee
1133 1043 1204 1115 poet

114 1137 189 1178 mum
202 1119 235 1178 in
247 1117 362 1178 Urbem
375 1117 507 1178 reditum
523 1115 562 1176 ad
576 1116 736 1196 Gregoram
747 1116 928 1197 pertinentia
941 1117 1095 1190 didicerat,
1118 1139 1203 1182 eum-

113 1203 203 1264 matim
214 1203 366 1284 exposuit.
410 1203 486 1264 Tum
498 1222 533 1262 ea
547 1201 612 1282 ipae
623 1211 713 1286 nocte
728 1203 863 1264 noudum
876 1203 974 1284 elupea
989 1203 1126 1264 dimissus
1143 1204 1203 1265 do-

112 1308 182 1348 mum
198 1289 283 1348 abiit.
325 1287 408 1348 ldem
422 1297 590 1370 aextopoat
604 1287 772 1349 meheanub
787 1289 902 1348 exitum
929 1289 1010 1350 vetit
1024 1309 1163 1352 reversus
1175 1287 1204 1368 ¹)

115 1393 156 1434 rea
173 1374 253 1436 domi
268 1394 306 1432 ac
317 1374 444 1436 militiae
456 1374 609 1455 superiore
622 1393 701 1434 anuo
714 1383 810 1452 geataa
820 1373 966 1434 tranavit.
1008 1374 1055 1436 lta
1071 1394 1126 1455 per
1142 1384 1204 1438 tren

113 1479 194 1520 annon
213 1459 421 1520 interviaendo
436 1459 551 1536 effecit,
574 1478 612 1520 ne
630 1459 782 1520 inclutum
799 1459 959 1540 quicquam
977 1459 1087 1520 lateret
1100 1479 1203 1520 eurum

111 1563 213 1621 mum,
235 1565 314 1625 quas
333 1546 410 1606 noire
434 1547 496 1606 eiue
515 1546 681 1606 interesset.
722 1544 770 1604 Ex
784 1543 832 1606 hia
844 1543 1040 1624 Agathangeli
1055 1545 1204 1606 narratio-

111 1630 187 1690 nibua
211 1631 360 1710 Gregoree
383 1629 477 1692 libros
498 1631 630 1711 quinque
647 1630 808 1692 historicon
833 1630 948 1707 texuit,
971 1630 1113 1690 continue
1134 1650 1204 1691 ora-

111 1715 192 1776 tionie
211 1716 291 1778 serie
311 1717 345 1776 in
371 1716 523 1796 dialogum
545 1725 676 1792 mutata3
699 1735 734 1776 eo
755 1715 871 1778 scilieet
887 1715 1030 1794 coneilio,
1048 1725 1087 1790 ut
1103 1724 1206 1796 posaet

112 1801 220 1862 alteriue
237 1801 341 1863 verbio
366 1811 431 1862 tum
453 1801 640 1864 adversarior
661 1821 786 1881 arguere
803 1801 944 1878 liberine,
965 1810 1032 1862 tum
1047 1822 1079 1863 ae
1102 1803 1205 1883 iprum

111 1885 213 1948 minore
229 1887 349 1948 invidia
363 1888 505 1964 laudare,
529 1889 580 1949 ubi
601 1907 648 1950 rea
661 1888 844 1969 postularet:
868 1887 901 1947 id
914 1887 996 1967 quod
1010 1887 1123 1966 alioqui
1138 1897 1205 1946 tur-

111 1991 143 2050 pe
163 1981 190 2032 et
203 1972 399 2050 indecorum,
420 1975 547 2034 lortuaee
570 1973 623 2034 ini
644 1973 877 2034 condonandum
889 1981 951 2048 eat,
974 1975 1118 2054 optimum
1133 1993 1204 2032 cau-

111 2076 163 2116 eam
175 2057 363 2134 defendenti,
387 2068 503 2118 etcum
525 2058 683 2120 haeretioia
702 2058 877 2120 decertanti.
921 2057 999 2118 Mihi
1018 2059 1136 2136 quidem
1152 2077 1203 2118 ve·

111 2141 219 2204 riaimile
239 2143 297 2220 fit,
319 2151 416 2204 totum
436 2144 515 2204 illud
526 2144 722 2224 dguthangeli
732 2144 858 2206 subinde
879 2141 976 2203 euntia
994 2142 1204 2222 redeuntiaque

111 2227 266 2306 epiaodium
289 2229 539 2300 confictumeaee
563 2230 600 2290 ab
621 2228 766 2292 hicterico
779 2250 814 2291 ea
830 2229 970 2305 licentia,
992 2249 1052 2309 qua
1066 2227 1204 2310 philoso-

110 2309 155 2390 phi
168 2323 195 2374 et
210 2323 347 2376 oratore·
369 2315 506 2396 plerique
517 2317 551 2376 in
563 2314 690 2395 dialogis
701 2315 747 2376 uti
759 2316 871 2378 uolent:
895 2335 1076 2395 quamquam
1088 2313 1149 2374 hoo
1160 2334 1205 2374 ea·

111 2397 143 2457 tia
162 2408 301 2476 conatui,
323 2399 460 2464 lloruiaoe
481 2400 535 2462 illo
561 2421 635 2466 nevo
657 2401 806 2481 quendam
818 2401 940 2462 nomine
958 2399 1204 2479 Agathangelum,

110 2485 154 2562 qui
171 2495 199 2544 et
220 2485 367 2548 adrerum
381 2487 544 2567 Gregorum
561 2487 674 2548 librum
686 2509 744 2569 pro
763 2487 927 2550 Ariatotelu
942 2485 1161 2568 apologeticum
1175 2481 1204 2562 ²)

108 2569 157 2630 nni
226 2572 259 2632 't

157 2591 304 2718 P'Aeirqillo
324 2665 476 2738 tempore,
497 2678 555 2737 quo
575 2659 687 2718 Tomua
710 2655 904 2716 Palamiticue
925 2656 1132 2737 promulgatur
1149 2662 1203 2736 ent,

107 2738 139 2799 ad
158 2741 243 2804 illum
258 2741 356 2820 diem,
377 2764 438 2823 quo
461 2744 589 2805 loannes
597 2741 805 2820 Palaeologua‚
822 2742 1001 2822 Byzantium
1016 2749 1139 2822 repente
1152 2739 1204 2798 in-

107 2843 230 2905 gruent,
254 2847 404 2888 aummam
429 2837 607 2910 poteamtem
626 2827 757 2910 recepit,
783 2829 931 2908 Gregoraa
953 2827 1043 2887 domo
1059 2836 1203 2906 tanquam

108 2927 214 2974 carcere
228 2914 369 2976 incluaua
383 2911 683 2976 multa'incommoda
695 2913 831 2994 pertulit.
860 2914 928 2996 lpee
941 2913 980 2973 ud
991 2931 1055 2972 eam
1068 2911 1203 2992 inopium

106 2995 252 3060 redactum
268 3019 301 3061 ee
321 2999 475 3080 queritur,
496 3010 534 3062 ut
556 3020 625 3060 cum
646 2997 753 3060 hiemin
775 3001 870 3080 frigua
894 2998 1098 3060 acutissimum
1119 3004 1203 3072 eaaet,

108 3081 209 3156 gelidae
228 3105 325 3165 aquae
347 3086 457 3166 pocula
476 3087 563 3148 aliter
583 3086 751 3165 tepefacere
774 3085 857 3146 haud
879 3085 1031 3165 potuerit,
1052 3081 1112 3142 niei
1131 3080 1204 3140 colia

108 3167 189 3228 radii·
212 3191 272 3250 per
291 3171 450 3232 leneatram
467 3171 500 3231 iu
517 3171 691 3232 cubiculum
707 3169 887 3231 intromiraia
904 3169 942 3252 ³).
984 3168 1066 3230 ldem
1088 3186 1204 3226 memo-

107 3261 165 3327 nl,
184 3275 294 3336 aquam
314 3277 346 3316 ae
369 3277 408 3317 ex
421 3266 511 3338 puteo
528 3266 665 3318 coactum
684 3255 809 3318 haurire
823 3256 861 3316 ad
876 3275 983 3316 auxum
997 3263 1092 3314 noctu
1106 3251 1205 3312 ullen-

108 3335 192 3416 d'ue,
213 3352 304 3422 atque
323 3341 398 3402 hinc
412 3343 516 3404 multie
531 3343 635 3402 diehua
649 3342 726 3424 pede
739 3351 909 3421 aegrotante
923 3360 1041 3400 necesse
1058 3337 1114 3398 aibi
1127 3335 1205 3396 luin-
1329 3359 1336 3381 ο

108 3439 135 3480 ⁸0
151 3432 262 3503 aquam·
276 3427 393 3507 pigram
410 3437 440 3488 et
459 3428 612 3508 putridum
632 3438 755 3506 potere,
785 3428 882 3488 donec
900 3424 1093 3504 Agatlrangeli
1110 3421 1205 3482 mini-

109 3509 188 3568 tterio
203 3512 293 3572 aliam
303 3513 468 3592 paravisset
481 3512 519 3593 ⁴).
562 3513 673 3574 Basilio
687 3513 795 3592 Magno
804 3522 834 3572 et
848 3512 913 3572 aliia
930 3509 1136 3592 compluribua
1153 3505 1205 3566 vi-

109 3589 143 3650 rle
156 3597 283 3675 unctis,
307 3599 360 3678 qui
383 3598 601 3679 perneeutionie
616 3608 698 3660 metu
712 3599 745 3658 in
761 3597 917 3679 speluncas
935 3607 965 3655 et
981 3595 1013 3655 in
1027 3592 1205 3655 nolitudinee

110 3665 260 3758 tunnam,
282 3684 463 3764 permiaaum
485 3685 555 3745 olim
576 3684 651 3760 fuit,
674 3683 727 3744 ubi
741 3683 880 3744 sacerdot
894 3683 1025 3756 uheaeet,
1047 3677 1204 3739 samonun-

24 3753 25 3830 f
110 3769 182 3824 cium
205 3765 318 3828 Chriati
340 3789 450 3850 eorpua
472 3769 604 3850 propriis
628 3769 765 3830 manibus
787 3789 903 3828 numere
918 3777 948 3827 et
963 3767 1008 3828 ori
1028 3784 1082 3826 auo
1098 3765 1205 3824 edmo-

24 3913 25 3934 ,
109 3861 179 3910 tere.
219 3851 346 3914 illorum
369 3855 505 3936 exemplo
523 3856 686 3934 Gregorua,
708 3875 777 3914 cum
804 3854 893 3914 aliter
913 3873 975 3912 non
991 3852 1111 3926 liceret,
1132 3868 1206 3928 pro·

109 3939 200 4008 pterea
221 3939 306 4018 quod
323 3939 426 4001 nullut
448 3941 487 4001 ad
500 3961 569 4000 eum
591 3941 681 4001 domo
700 3940 852 4000 inclutum
864 3937 1002 3998 sacerdon
1016 3933 1206 3996 orthodoxus

25 4063 26 4080 1
109 4019 243 4084 *teodure
264 4023 411 4105 audebat,
432 4025 639 4088 Eucheriatiee
659 4035 880 4087 accrementum
901 4023 961 4086 eibi
981 4021 1041 4104 ipsi
1060 4018 1204 4102 privatim

25 4085 27 4160 l

139 4217 254 4288 ¹)1un0
271 4239 367 4280 mm
435 4227 468 4296 e)
488 4223 631 4282 ludintun
650 4225 676 4280 tn
693 4223 821 4296 camogo
832 4223 1009 4280 erenum
1026 4216 1205 4276 sennenn

168 4289 288 4358 Quill·
302 4291 346 4348 ltu
361 4309 458 4350 xxrm·
526 4293 559 4365 4)
578 4295 648 4352 Hire
666 4295 708 4350 liu.
724 4311 810 4350 nuru.
