3084 4862
330 283 414 338 που
556 273 794 347 NICEPHORI
816 271 1055 346 GREGORAE
1077 273 1231 346 OPERA.

342 436 411 500 dem
425 435 591 518 argumenti
603 433 755 495 historicis
767 433 990 494 Csnmcursnus
1004 433 1092 513 longe
1104 443 1247 515 praestat.
1291 433 1327 495 Iu
1340 433 1436 498 Glire-

341 523 462 603 nclogia
482 531 581 583 temen
607 522 751 600 Gregores
775 519 961 598 diligentior:
981 518 1074 583 immo
1094 520 1177 601 apud
1200 521 1437 584 Cantacuzenum

342 612 406 672 lere
433 609 527 670 nulla.
576 607 799 667 Cantacuzenus
826 605 969 684 quaedam
991 604 1112 666 videtur
1135 606 1273 666 consultu
1296 607 1436 685 curiense,

344 714 421 776 quae
443 696 587 773 Gregores
614 691 697 753 haud
717 690 924 773 praetermisit.
967 690 1122 750 Eiusmodi
1147 700 1219 751 sunt
1239 711 1272 750 aa
1293 712 1369 772 quse
1387 691 1439 752 liic

342 789 448 840 narrat
464 781 502 855 de
515 777 666 858 synadeni
680 799 748 858 erge
768 777 973 838 Andronicum
988 775 1135 837 seniorem
1146 776 1381 853 inhumanitate,
1402 777 1440 837 de

343 865 463 926 loannis
485 863 652 943 Palaeolcgi
670 863 839 935 natalibus,
861 861 1013 941 delegatis
1031 883 1049 920 a
1065 863 1145 942 Papa
1158 862 1441 943 Constantinopolin

342 951 450 1028 missis,
473 961 502 1010 et
515 949 572 1009 alia
584 949 749 1010 innumera.
781 949 862 1009 Haec
875 948 998 1028 inquam
1012 947 1112 1008 omnia
1128 947 1290 1028 Gregoras,
1316 948 1369 1029 qui
1384 969 1441 1008 nec

342 1035 444 1096 illstss
474 1057 492 1096 a
512 1035 646 1096 barbaris
670 1035 768 1096 clades
787 1033 964 1094 dissimulat
1007 1033 1208 1094 Catacuaenns
1227 1053 1300 1095 vero
1325 1053 1384 1094 nec
1404 1033 1442 1094 de

345 1121 520 1182 Nicomedia
541 1121 661 1201 quidem
685 1131 740 1181 sut
765 1120 802 1180 de
821 1119 929 1180 Nicaea
950 1119 1014 1199 ipsa
1036 1119 1144 1180 emim
1169 1121 1351 1180 mentionem
1359 1118 1443 1179 iecit.

338 1205 404 1267 flio
423 1207 500 1267 solas
520 1206 740 1286 quodammodo
763 1225 811 1266 rea
841 1205 1039 1285 Byzantinus,
1068 1214 1172 1267 noster
1193 1206 1282 1276 etiam
1302 1215 1443 1266 externae
1535 1201 1536 1220 ¹

343 1291 479 1355 Historia
498 1311 553 1351 sua
571 1293 745 1373 complexus
759 1300 814 1356 ast.
856 1292 989 1374 Uterque
1009 1289 1102 1374 igitur
1120 1291 1263 1374 legendus
1275 1300 1305 1354 et
1315 1291 1393 1354 alter
1406 1310 1444 1356 ex

344 1377 440 1440 altero
451 1377 647 1462 supplendus.

732 1732 1049 1803 OPERA.

430 1871 558 1957 Scripsit
564 1873 710 1954 Gregcrae
722 1875 872 1955 permulta
881 1873 984 1936 variae
992 1872 1171 1936 eruditionis
1183 1871 1346 1958 opuscula,
1365 1890 1447 1952 quo-

343 1977 412 2022 rum
426 1980 522 2040 peuce
537 1961 619 2041 typis
635 1961 789 2039 mandata3
804 1962 948 2042 pleraque
963 1970 1061 2022 eutem
1073 1970 1178 2022 extant
1192 1957 1399 2040 manuscripta
1414 1956 1448 2016 in

346 2044 500 2104 codicibus
508 2046 671 2120 Vaticanis,
686 2047 844 2124 Camareis,
858 2047 1105 2124 Scorialenaibus,
1124 2044 1325 2120 Bucconis,
1340 2041 1447 2104 etsliia

343 2130 464 2208 msrltis,
485 2141 521 2190 ut
532 2131 638 2212 Regios
653 2131 771 2192 silesm:
795 2132 940 2212 quaedam
949 2133 1029 2193 ¹item
1048 2133 1192 2194 videntur
1204 2130 1348 2211 temporis
1363 2124 1449 2206 longi

343 2213 455 2274 inimic
478 2215 675 2277 intercidisse.
717 2219 832 2278 Eorum
851 2221 913 2278 sere
937 2219 1072 2279 omnium
1091 2218 1230 2279 notitiam
1256 2214 1339 2277 dabit
1353 2213 1450 2273 index

342 2299 526 2380 uberrimus,
548 2322 587 2362 ex
601 2303 637 2364 u.
653 2304 686 2362 Ρ.
701 2303 736 2363 Ι).
751 2304 897 2364 Bernerdi
913 2299 941 2387 ¹)
964 2303 1094 2382 schedis,
1106 2305 1201 2364 lloma
1220 2301 1259 2362 ad
1276 2321 1331 2360 nos
1347 2309 1450 2360 uene
1535 2369 1536 2374 η

341 2384 457 2465 missis,
478 2397 565 2446 etex
587 2387 679 2448 variis
700 2389 839 2448 codicum
860 2389 1135 2471 manuscriptorum
1158 2387 1300 2468 catalogis
1318 2385 1450 2446 concin·
1535 2463 1536 2466 Ἴ

319 2513 323 2522 .
340 2480 441 2532 natus.
483 2472 572 2532 Hunc
586 2482 623 2532 tu
637 2494 747 2553 quaeso
761 2474 903 2551 indicem,
924 2475 1024 2536 Auses
1038 2475 1233 2553 nobilissime,
1254 2469 1451 2555 quantumvis

341 2554 484 2636 longum,
507 2567 605 2618 totum
629 2561 725 2620 oculis
739 2579 891 2641 percurre.
932 2560 970 2620 In
983 2571 1069 2622 tanta
1083 2561 1231 2621 librorum
1244 2559 1347 2639 copia,
1372 2563 1452 2637 quot

340 2637 394 2702 hic
412 2641 526 2704 videbis
548 2656 754 2723 enumeratos,
776 2647 833 2706 erit
849 2645 940 2708 credo
955 2647 1072 2727 aliquid
1089 2646 1171 2725 quod
1186 2645 1252 2726 ipso
1270 2651 1451 2723 argumento

340 2728 475 2808 placeot5
498 2729 581 2809 quod
596 2731 737 2792 amissum
754 2731 854 2793 doleas
863 2755 872 2810 ;
895 2731 978 2812 quod
996 2753 1035 2792 ex
1050 2729 1303 2794 Bibliothecerum
1319 2730 1452 2810 pulvere
1535 2767 1536 2794 l

341 2813 407 2872 erui
434 2815 545 2895 cupias.
588 2815 688 2877 Erunt
709 2817 797 2878 etiem
820 2818 1071 2897 aliqualortasee,
1094 2837 1224 2898 quorum
1235 2817 1385 2875 iacturam
1401 2815 1452 2874 fa·
1535 2817 1536 2836 ²

342 2897 401 2958 cile
414 2898 502 2978 ieras.
542 2899 618 2960 Mihi
641 2901 762 2982 quidem
774 2903 923 2962 librorum
943 2903 1093 2982 catalogos
1109 2903 1268 2984 perlegisse
1284 2900 1344 2961 lroc
1359 2918 1452 2980 saepe

339 2980 509 3044 iucundum
529 2984 605 3062 fuit,
629 2987 710 3066 quod
732 3006 771 3046 ex
793 2987 831 3047 iis
843 2987 1046 3049 intellexerim
1060 2989 1161 3050 deesse
1173 2986 1248 3048 milri
1262 2987 1376 3064 multa,
1400 2984 1454 3048 vel

342 3066 478 3146 inutilia,
500 3070 656 3130 ueletiam
679 3073 766 3132 male.

404 3156 455 3214 De
465 3176 608 3214 morsura
620 3156 722 3216 Ανοαε
738 3159 812 3234 Noe,
834 3179 870 3216 ex
886 3159 1023 3238 Origene.
1039 3159 1112 3220 Cosl.
1130 3158 1254 3218 Burocc.
1268 3155 1319 3222 48·
1329 3160 1380 3224 19.

403 3241 454 3298 Ex
477 3239 636 3320 Prophetis
652 3243 824 3302 maioribus
845 3254 874 3302 et
897 3243 1068 3302 minoribus
1090 3241 1176 3302 dicta
1198 3253 1353 3320 excerpta,
1378 3261 1454 3298 cum

335 3323 467 3407 prologo
489 3337 517 3383 et
536 3332 769 3390 commentariis.
813 3327 887 3390 cod.
911 3329 1027 3390 Caesar.
1044 3327 1453 3404 Vindobon.theclog·174·

341 3409 418 3472 Vide
434 3420 464 3471 et
476 3410 606 3472 indicem
617 3415 814 3494 prologcruus
829 3414 909 3474 inter
931 3415 1078 3496 opuscula
1095 3414 1256 3476 rhetorica.

404 3489 520 3577 Ἀρίστη
533 3495 657 3582 lodoyci
668 3501 763 3562 θείου
771 3503 863 3562 τινοῖν
880 3493 998 3580 ῥήσεων
1011 3505 1067 3564 τοῦ
1082 3501 1230 3582 μακαρίου
1245 3495 1296 3560 eal
1303 3497 1455 3580 γενναίου

339 3569 415 3659 leiti,
438 3583 664 3665 συμβαλλομένη
680 3583 771 3647 παντὶ
786 3589 956 3670 Χριστιαυῷ
976 3586 1019 3658 εἰς
1034 3579 1190 3664 similetur.
1236 3585 1379 3663 Optimae
1396 3579 1455 3640 de-

276 3741 278 3750 l
340 3663 438 3723 lectus
458 3686 621 3728 sacrarum
646 3668 846 3750 quarundam
866 3674 1086 3730 sententiarum
1112 3672 1194 3730 hecti
1207 3681 1235 3727 et
1251 3669 1351 3747 fortio
1369 3667 1456 3742 lobi,

341 3753 443 3813 cuivis
460 3751 636 3812 Christiano
651 3755 849 3818 utilissimus.
891 3755 1030 3832 Initium,
1054 3753 1107 3818 scel
1123 3755 1236 3840 ἐγένετο
1261 3751 1334 3830 sieri
1348 3750 1458 3834 ἡμέρα

341 3828 435 3919 αὕτη,
456 3835 509 3900 καὶ
532 3834 600 3902 troo
623 3831 725 3920 ἦλθον
745 3841 777 3904 οἱ
797 3835 916 3922 ἄγγελοι
939 3845 994 3905 τοῦ
1009 3846 1089 3906 θεοῦ
1109 3843 1300 3924 παραστῆναι
1313 3833 1457 3902 ἐνώπιον

223 3969 263 4004 ·,·
292 3917 296 3926 ’
341 3923 398 3984 τοῦ
420 3923 538 4004 κυρίου.
567 3924 639 3986 Cod.
656 3921 774 4012 cessar,
788 3925 956 3988 vindobon.
978 3925 1107 4006 theolog.
1123 3927 1196 3996 174.

426 4021 631 4084 Antirrlsetici
649 4038 676 4084 et
690 4030 869 4086 Stels'tecsts'ci
883 4033 1013 4108 priores.
1057 4029 1225 4109 Scripserat
1244 4029 1395 4106 Gregoree
1411 4027 1458 4086 li·

341 4105 413 4167 bros
435 4107 468 4166 in
481 4110 631 4172 Palamsm
652 4112 890 4194 Antirrheticos,
911 4125 1068 4195 antequam
1080 4112 1118 4208 ¹²)
1141 4115 1364 4226 cantoennenue
1376 4113 1456 4172 im-

1087 4199 1100 4221 ts

382 4291 412 4360 1)
429 4291 659 4353 Dsltloutlaucon.
729 4299 762 4369 2)
778 4297 836 4355 Ηοο
849 4305 907 4368 ast,
923 4305 985 4358 aute
997 4313 1259 4359 sununreccaavn.
1346 4346 1349 4355 .
