3008 4878
299 287 532 388 rmnoaun
552 259 825 355 arznnnmaa
846 285 888 352 x.
905 295 935 358 1.
1025 284 1030 290 ·
1094 271 1169 352 ατο

87 457 228 545 ἐφαίνετο.
254 455 370 541 πολλὴν
390 456 446 539 μίν
464 455 523 542 γδρ
539 455 586 519 lul
605 459 661 521 ‘cori
682 447 848 540 annoniaco
867 451 924 535 τὴν
940 444 1167 540 εδφροσάνηνῆ
1221 459 1251 512 A.
1269 461 1297 511 e.

85 559 173 648 ηόσις
199 559 342 639 έκένωσε,
374 559 493 643 Ιπολλὴν
518 557 551 625 δ’
575 559 623 622 ἐπὶ
648 567 713 632 τοῖς
737 555 913 642 ὀφθαλμοῖς
935 554 992 639 τὴν
1021 553 1165 640 γαλήνην,
1220 525 1287 650 Ῑξὲῧ

84 662 223 748 λαμπρὰν
239 663 271 728 δ’
290 665 337 728 ἐπὶ
350 667 390 749 τῇ
410 659 530 748 γλώττῃ
547 660 604 745 τὴν
624 667 679 744 τῆς
697 659 790 743 ἠχοῦς
806 655 961 744 ἀρμονίοιν.
988 664 1032 747 τῷ
1048 659 1081 722 δὲ
1096 657 1166 740 ἤθει
1219 661 1286 723 1341

85 768 169 830 παντί
189 765 226 830 τὸ
248 765 354 852 ἱλαρόν
373 767 423 830 καί
446 765 554 848 σεμνόν
574 760 784 850 ίιγαπλώσασα
804 759 932 848 τερπνόν
948 786 978 826 τι
993 761 1043 826 καὶ
1059 739 1334 859 itoeoolffiffiffil·

65 865 298 952 5παρεσκεόαζεν
319 867 496 953 ἐπιπρέπειν.
525 866 545 932 ἀ
563 865 663 933 πάντα
683 863 768 948 μάλα
786 877 894 953 σαφεῖς
907 870 969 930 τῶν
983 861 1197 930 σιωπώντωνῐ)

83 971 170 1054 ἠθῶν
186 977 243 1055 τῆς
261 973 371 1038 ἐκείνου
386 979 490 1055 ψυχῆς
510 972 656 1056 ἐγίγνοντο
673 969 801 1055 ἀγγελοι.
854 967 919 1057 (Ε)
939 965 1004 1033 Ἵνα
1021 967 1080 1055 γάρ
1099 966 1173 1044 τοὺς

83 1069 212 1157 τρόπους
233 1081 290 1158 τῆς
309 1072 448 1160 γνώμης,
477 1071 580 1149 ὁποῖος
601 1075 726 1153 ἐκεῖνος,
759 1069 965 1156 παραστήσω,
992 1068 1059 1146 ἔνδς
1080 1069 1100 1154 ἢ
1122 1071 1173 1136 καί

84 1177 164 1240 δυοῖν
184 1182 247 1242 τῶν
264 1179 376 1242 ἐκείνου
389 1176 621 1261 μνησθήσομαι.
647 1175 755 1260 μικρὸν
770 1175 830 1260 πρὸ
851 1183 906 1260 τῆς
919 1180 1057 1258 τελευτῆς
1072 1175 1103 1237 lv
1118 1175 1173 1240 ντε-Ι

83 1280 129 1369 alp
144 1281 193 1343 καί
207 1285 324 1378 τῇιτών
344 1279 515 1363 ἀναγκαίων
535 1283 632 1370 ένδείρ
656 1278 768 1364 διάγων
788 1281 850 1344 luel
864 1279 907 1362 μὴ
923 1275 1051 1343 έδόνατο
1067 1273 1171 1342 καθώ-

50 1381 210 1466 1οτιαξτὴν
231 1391 288 1448 τοῦ
309 1379 431 1467 ψόχους
452 1384 552 1471 φέρειν
574 1383 674 1468 ἀκμὴν
700 1383 857 1471 (χειμῶνος
873 1381 930 1468 γὰρ
953 1387 1119 1465 τηνικαῦτα
1132 1379 1200 1444 elit

83 1483 285 1566 ἀκμαιότατον
304 1478 376 1572 ἦν),
405 1487 517 1571 σκέπην
532 1487 670 1564 ἀπέταξεν
685 1485 769 1574 αδτῷ
785 1486 926 1571 γενέσθαι
947 1483 1120 1570 νυκτερινὴν
1141 1483 1173 1560 ἔξ

83 1585 245 1672 ἀλωπεκῆς.
274 1586 376 1672 πόσης
390 1583 445 1655 orla
457 1597 514 1672 τῆς
535 1591 630 1656 αὐτοῦ
644 1589 817 1674 περιουσίας
837 1589 1066 1675 ἀριθμηθείσης
1079 1592 1173 1673 τριῶν

82 1688 275 1774 νομισμάτων
296 1691 352 1775 οὐχ
376 1691 501 1780 εὕρηται
524 1694 616 1759 πλέον
641 1693 738 1760 οὐδέν.
781 1691 855 1758 ὅθεν
874 1679 993 1758 τούτων
1018 1688 1122 1772 μόνων
1142 1690 1175 1766 ἐξ

83 1791 209 1880 ἀνάγκης
229 1793 320 1860 ώνιον
339 1797 499 1882 γενέσθαι,
527 1795 545 1863 ὃ
565 1804 622 1881 τῆς
640 1793 836 1882 ψυχρότητος
853 1795 1051 1879 μεμελέτηται
1072 1819 1175 1879 παρα-

48 1893 201 1978 15μόθιον.
238 1895 394 1986 μετεώρου
418 1899 457 1984 δὴ
483 1907 539 1984 τῆς
563 1900 690 1985 μελέτης
712 1898 822 1984 οάσης,
851 1894 1034 1986 προσελθών
1049 1921 1097 1973 τις
1112 1901 1175 1960 τῶν

82 1997 171 2066 πάλαι
198 2005 356 2070 οἰκειακῶν
380 2003 435 2068 τάν
457 2009 513 2086 τῆς
540 2002 667 2088 ίνοόσης
688 2004 793 2079 πενίας
819 2000 1011 2090 ίξετραγηίδει
1035 2002 1175 2066 κίνδυνον

82 2105 184 2184 βιαίως
202 2106 415 2188 ἐπιτιθέμενον
437 2108 488 2170 καὶ
510 2105 587 2192 πρὸς
606 2104 746 2171 θάνατον
768 2103 938 2192 ὁλοσχερῶς
959 2109 1204 2170 venenatorum

82 2202 176 2296 τοάτιμ
195 2212 354 2296 καμφθεὶς
376 2207 513 2274 ἐδεδώκει
528 2209 569 2274 τὰ
582 2211 653 2296 τρία
673 2210 769 2274 ἐκεῖνα
784 2211 977 2291 νομίσματα,
1005 2211 1174 2293 συμφορῶν

82 2306 247 2398 ἀλλοτρίων
260 2311 315 2376 τάν
328 2308 440 2378 ἑαυτοῦ
454 2309 656 2397 προελόμενος
670 2309 810 2379 θάνατον
815 2360 826 2392 ,
855 2307 928 2376 ὅσον
944 2310 980 2374 τὸ
1001 2309 1051 2374 ἔπ’
1068 2305 1172 2374 αάτόν.

48 2407 111 2476 coto
123 2413 178 2495 μέν
194 2415 237 2500 δὴ
255 2421 347 2480 τοῦτο
369 2421 425 2498 τῆς
442 2413 538 2480 αὐτοῦ
556 2420 744 2499 συμπαθοῦς
758 2411 881 2499 γνώμης
898 2410 1068 2498 τεκμήριον.
1104 2406 1174 2476 dari-
1212 2461 1217 2472 .

82 2539 164 2603 τερον
178 2517 231 2583 δέ·
260 2519 323 2582 ίπελ
336 2517 397 2604 γὰρ
411 2521 525 2604 ίατριῖιν
540 2519 597 2601 μέν
611 2520 716 2594 παῖδες
733 2517 888 2606 αὐτῷτὴν
904 2513 1096 2600 πολυήμερον
1108 2531 1174 2597 ψο-

80 2622 246 2702 χροποσίαν
262 2619 469 2708 ἀπηγόρευον,
497 2617 514 2686 ὅ
530 2621 562 2687 δ’
581 2619 617 2687 οδ
635 2623 776 2709 προσίετο
790 2620 848 2706 τὴν
867 2621 1060 2700 οίνοποσίαν,
1077 2617 1174 2702 μέσην

83 2723 209 2801 βαδίσας
225 2725 415 2807 νομίσματος
434 2721 502 2800 ἑνὸς
519 2721 607 2807 μόλις
621 2726 655 2790 ἔτι
668 2725 787 2791 δανείου
807 2724 945 2790 κάκείνου
967 2720 1174 2808 παρευρεθίν-

84 2845 133 2900 τος
156 2825 247 2894 ώνιον
269 2825 336 2912 ἴσχε
358 2827 453 2916 μέρος
467 2849 498 2893 τι
513 2835 576 2898 τῶν
591 2830 623 2906 ε”ξ
637 2824 798 2914 Αίγόπτου
821 2829 873 2894 καί
886 2825 1034 2916 Ἀραβίας
1050 2825 1173 2909 κομιζο-
1189 2843 1220 2898 P.
1234 2843 1285 2902 291

83 3036 226 3096 inaffectata
239 3041 352 3112 qualitur
364 3042 508 3096 ridebatur.
541 3042 650 3098 Multum
664 3043 729 3098 enim
747 3041 886 3097 hilaritatis
905 3045 998 3096 natura
1019 3038 1102 3094 vultui
1120 3041 1175 3095 eiua

83 3106 221 3177 indiderat,
236 3111 339 3166 multum
352 3113 435 3166 oculis
443 3112 606 3179 amenitatie3
623 3113 726 3182 linguae
739 3121 822 3167 autem
835 3113 928 3166 claram
944 3121 971 3166 et
989 3128 1107 3164 canoram
1128 3127 1175 3164 ro-

84 3193 147 3231 cemr
161 3180 266 3234 inomni
282 3181 394 3251 denique
414 3183 469 3234 eina
487 3183 578 3236 babitu
597 3191 721 3252 nogento
742 3181 898 3236 bilaritatem
917 3187 945 3234 et
963 3181 1117 3250 gravitatem
1138 3179 1176 3234 aio

84 3246 255 3316 explicuerat,
270 3257 300 3303 ut
314 3268 444 3304 amoenum
457 3251 576 3320 quiddam
590 3269 623 3306 ac
634 3251 748 3304 divinum
763 3251 792 3304 in
811 3269 842 3304 eo
860 3252 988 3305 emineret
1024 3249 1100 3312 Quae
1119 3249 1176 3300 uni·

85 3330 155 3372 verna
169 3319 263 3372 tacitos
275 3320 332 3372 eina
345 3337 428 3374 morea
440 3328 468 3372 et
484 3320 592 3374 mimum
610 3320 773 3376 nunciabant.
807 3320 868 3386 (V.)
887 3320 926 3373 Ut
943 3324 1027 3372 autern
1045 3316 1176 3386 ingenium

84 3381 135 3436 aina
144 3387 220 3442 etiam
229 3386 366 3453 declarem,
381 3389 455 3442 uniua
469 3396 546 3460 atque
561 3389 729 3442 altariuaeiua
738 3389 800 3442 iacti
812 3388 962 3442 mentionem
974 3387 1076 3440 faciam.
1095 3385 1175 3439 Paulo

83 3459 139 3507 ante
152 3457 264 3520 obitum,
281 3475 337 3512 cum
351 3463 504 3527 paupertate
527 3465 555 3510 et
569 3476 653 3512 rerum
673 3458 872 3512 necuaariarunn
887 3457 975 3540 inopia
993 3461 1130 3526 urgeretur
1148 3461 1176 3510 et

82 3517 169 3578 hiemis
182 3527 234 3580 vim
249 3525 318 3580 ferre
334 3543 385 3580 non
400 3535 488 3597 poaaet
501 3527 572 3594 (nam
589 3527 735 3581 hiematum
752 3528 859 3581 maxime
872 3525 1027 3593 enarrabat),
1044 3523 1176 3593 vulpinam

83 3591 130 3644 tibi
143 3603 291 3648 nocturnam
310 3603 409 3650 vestm
422 3595 481 3650 lieri
493 3596 577 3651 inanit.
611 3595 687 3652 Omni
705 3605 789 3650 autem
809 3597 864 3650 eiua
879 3595 1010 3665 opulentia
1031 3592 1175 3664 perquisita

84 3659 161 3714 tribua
174 3665 281 3717 nummio
293 3682 342 3717 non
355 3665 411 3735 plna
424 3673 465 3718 eat
476 3671 614 3735 repertum.
634 3665 714 3718 Tanti
725 3666 762 3720 ita
781 3684 813 3720 ue
825 3683 930 3718 noceaae
944 3663 995 3716 luit
1005 3662 1054 3716 cmi
1067 3669 1173 3727 ventam,

85 3745 147 3798 quaa
159 3733 183 3785 ei
196 3733 223 3786 in
234 3733 377 3804 lrigoribua
386 3735 499 3787 aolamen
514 3743 629 3804 paratum
642 3743 719 3790 esset
752 3683 782 3788 li
795 3753 856 3789 vero
872 3731 1006 3786 consilium
1019 3748 1074 3784 curn
1091 3731 1175 3784 adbuc

85 3797 238 3866 agitaretur,
255 3802 358 3872 quidam
377 3822 392 3857 a
410 3804 543 3858 veneritne
562 3803 616 3858 eina
634 3803 800 3858 familiaribus
817 3811 975 3874 praesentem
996 3805 1173 3871 paupertatem

85 3865 116 3917 dt
132 3869 245 3936 lorabat,
264 3889 331 3942 qnae
344 3873 382 3926 ita
394 3880 469 3926 atrox
482 3873 533 3927 aibi
550 3873 721 3937 incumberet,
739 3881 769 3927 ut
784 3875 834 3928 iarn
848 3872 978 3941 inaperta
994 3871 1083 3924 mortio
1103 3869 1173 3940 peri-

124 3947 306 3994 nommetur.
342 3941 375 3994 lli
389 3941 515 3996 adductam
534 3943 707 3997 misericordia
723 3949 777 3996 trea
793 3943 852 3996 illoa
869 3957 982 3994 uummoa
1000 3937 1086 4003 dedita
1109 3938 1174 3993 mori

84 4015 249 4123 ρροοοριαοι,
267 4009 336 4079 quod
352 4009 517 4076 inuocaret,
537 4029 612 4082 quarn
625 4011 764 4066 alienarum
777 4011 946 4066 edentulum
962 4015 1092 4080 spectator
1109 4025 1175 4062 eane.

110 4089 164 4128 num
176 4077 257 4146 igitur
277 4081 326 4132 boc
340 4079 396 4134 aina
413 4079 581 4148 benignitatia
599 4081 697 4150 rignum
714 4089 779 4135 ento.
820 4079 936 4134 Alterum
953 4078 1025 4133 illud.
1061 4077 1125 4132 cnm
1149 4075 1175 4129 ci

85 4140 192 4210 frigidae
200 4163 282 4214 aquae
294 4154 357 4217 potu
363 4148 481 4202 diruturno
492 4149 583 4204 medici
594 4150 786 4214 interdicerent,
801 4155 878 4221 atque
889 4149 945 4219 ipae
954 4147 1009 4202 viui
1020 4147 1175 4219 potationem

85 4212 257 4280 repudiasset,
272 4216 380 4272 modium
399 4216 533 4286 ingramno
545 4219 611 4274 viam
622 4220 668 4274 vix
679 4236 731 4274 uno
745 4237 839 4284 aureo,
856 4236 937 4288 eoque
949 4215 1111 4278 mutuaticio,
1127 4212 1177 4266 ali·

86 4281 145 4346 quid
156 4283 206 4336 ribi
219 4285 329 4342 dulcium
342 4285 467 4358 liquorum
480 4288 557 4356 mut,
574 4289 620 4361 qui
631 4305 664 4345 cx
675 4290 794 4364 Aegypto
805 4295 834 4344 et
843 4287 941 4345 Arabia
953 4287 1131 4349 advenum,
1146 4287 1177 4337 nt
