3042 4886
337 207 572 285 fflssontnu
590 210 871 282 BYZANTINAE
890 211 932 286 X.
951 224 982 288 7.
1132 208 1221 292 497.

110 361 174 444 ιιῖύν
188 377 241 444 καί
255 381 312 446 τού
327 372 463 463 μεγάλου
480 377 660 460 δομεστίνου
676 382 733 442 τού
745 379 1023 463 Καντακουζηνοδ,
1045 378 1082 450 δν
1097 382 1130 451 ίν
1143 397 1209 466 τοῖς
1250 399 1280 456 A.
1296 403 1327 463 c,

106 477 247 564 μάλιστα
261 478 422 564 σύμπνουν
435 505 468 546 τε
481 483 533 546 καί
542 476 711 568 ,ὁμόφρονα
725 479 811 574 αύτῷ
823 506 857 548 τε
872 480 980 570 ’ίφηνεν
995 479 1012 550 ό
1023 482 1137 573 χρόνος
1155 493 1207 557 καί
1253 470 1331 526 ¹³²⁸·

110 594 179 660 τοῖς
193 583 300 662 ἄλλοις
313 581 428 650 ἅπασιν
446 583 614 670 ίλορδνκαί
624 585 781 672 χαρίεντα.
816 585 882 650 ἐπεί
890 611 923 671 γε
938 585 1001 671 μήν
1018 589 1208 678 ίφευρετικδν
1258 545 1327 668 till
1430 622 1437 634 ·

109 682 132 771 ή
147 683 263 773 ἀνάγκη
271 690 359 754 δοκεῖ
369 692 521 772 πολλαχῆ,
536 683 628 774 είοήει
640 688 671 763 ἐς
682 683 806 773 γνώμην
824 687 886 773 ὀψὲ
899 693 950 758 καλ
963 695 1009 780 τῷ
1022 679 1372 800 βασιλείδιδῐῗίίῖξω·

90 796 239 858 inolitis
257 786 407 877 δραμόντι
426 796 489 856 τῶν
505 795 674 876 λογισμῶν,
701 786 743 867 ὥς
763 793 940 876 οἰκονομίας
957 791 1066 881 τρόποι
1083 802 1133 863 καί
1152 797 1209 867 ‹ld-
1243 761 1297 800 mo
1332 783 1341 800 ⁸

110 899 168 960 λον
182 895 403 978 ἓγκυμονοῦσαι
417 893 552 976 μίθοδοι
568 899 672 983 πολλῷ
686 917 719 980 γε
738 900 796 979 τῆς
814 901 877 962 τῶν
895 895 998 966 ὅπλων
1014 899 1088 981 βίας
1103 901 1212 970 ἀνοσι-

110 993 245 1084 μιύτεροι
265 993 493 1082 καθεστήκασιν
516 997 548 1075 ἐς
569 996 756 1064 τὰπλεῖστα
777 1003 840 1064 τῶν
859 996 973 1086 ἔργων,
1000 1005 1051 1068 καί
1071 1001 1238 1087 μόλισταΙ)

111 1101 144 1176 ἐς
166 1096 267 1166 ὁπόσα
292 1097 453 1186 θορύβους
471 1106 639 1170 πλουτοῦσι
660 1101 811 1185 πολίμων.
853 1106 905 1168 καί
927 1101 994 1187 ἅμα
1017 1105 1049 1182 ἔς
1074 1108 1131 1186 τὰς
1148 1116 1212 1176 τῶν
1247 1137 1253 1146 ·

111 1207 253 1268 παλαιῶν
275 1202 397 1289 ἀνδρῶν
416 1202 542 1291 πράξεις
559 1204 651 1290 ιἰνῆγε
670 1202 726 1270 τόν
742 1204 906 1291 λογισμόν,
934 1205 1018 1286 ὅπως
1032 1234 1065 1275 τε
1078 1212 1214 1300 Δαρεῖος

67 1303 132 1376 1οό
146 1309 265 1390 Μῆδος
285 1305 338 1374 διδ
352 1304 508 1393 Ζωπύρου
527 1308 628 1399 ῥᾷστα
649 1306 707 1392 τήν
727 1307 850 1393 ἄμαχον
870 1306 927 1376 εἷλε
942 1315 1135 1395 Βαβυλῶνα·
1161 1318 1215 1382 καί

107 1409 299 1495 Ἀντίγονος,
333 1416 395 1477 τῶν
413 1408 613 1500 Ἀλεξάνδρου
635 1409 789 1496 διαδόχων
812 1407 829 1479 ό
852 1411 1032 1500 κράτιστος,
1066 1414 1216 1497 πολλάκις

112 1515 420 1598 καταστρατηγηθείς
441 1511 500 1580 ὑπ’
527 1514 705 1600 Εύμίνους,
741 1513 777 1592 ὃς
798 1521 855 1600 τῆς
873 1515 1076 1606 Ἀλεξάνδρου
1100 1523 1216 1588 παλαί-

112 1641 211 1704 στρας
230 1610 269 1700 ἦν
291 1619 341 1682 καί
362 1616 474 1701 αὐτὸς,
501 1619 602 1704 γίμων
623 1614 722 1704 ὁρμῆς
746 1617 807 1684 ἀπὸ
828 1623 999 1704 γυμνασίου
1014 1631 1212 1711 περιφανοῦς,

110 1717 187 1803 πόχ’
209 1718 247 1785 ἂν
265 1719 373 1797 αὐτοῖς
394 1718 541 1805 δυνάμεσι
561 1725 612 1788 καί
627 1720 664 1789 τό
681 1725 735 1810 ζῇν
753 1722 977 1808 ἀπελίμπανεν,
1003 1728 1030 1792 εί
1046 1727 1091 1812 μή
1108 1725 1242 1806 ottoni!

67 1838 104 1894 15
113 1820 280 1910 πόρρωθεν
296 1825 347 1890 καὶ
366 1827 535 1912 λαθραίοις
550 1827 726 1910 ἐπιβουλαῖς
741 1824 796 1892 τόν
815 1823 915 1915 ἄνδρα
932 1830 1128 1916 διεχειρίζετο.
1165 1833 1218 1898 καί

113 1924 175 2014 πρό
190 1951 222 2012 γε
237 1922 355 1992 τούτων
373 1924 389 1995 ὅ
406 1927 575 2014 Ἀθηναῖος
591 1933 803 2014 Θεμιστοκλῆς
818 1930 873 1996 τὸν
893 1931 991 1998 πολύν
1007 1933 1119 2000 ίκεῖνον
1141 1931 1218 2002 στό-

113 2035 169 2098 λον
190 2036 252 2096 τῶν
267 2027 392 2114 Μήδων
412 2028 513 2116 λόγοις
535 2036 736 2115 οἰκονομικοῖς
751 2034 803 2098 καί
822 2029 925 2110 δόλοις
945 2033 1214 2123 κατετροπιύσατσ,

112 2132 158 2218 μή
173 2129 341 2216 δυνάμενος
356 2133 466 2210 ἄλλως.
513 2132 580 2225 (Ε.)
609 2141 664 2222 Τῷ
683 2135 739 2217 μὲν
756 2133 795 2219 δή
807 2141 934 2218 βασιλεῖ
942 2139 1137 2229 σκεπτομίνιρ,
1151 2165 1218 2206 τοι-

113 2242 197 2302 αῦτα
214 2233 355 2324 πρόσεισί
368 2262 415 2315 τις
432 2243 495 2306 τῶν
515 2243 572 2322 τῆς
596 2233 767 2323 συγκλήτου
791 2241 976 2326 Σφραντζής
995 2237 1012 2306 ὅ
1034 2239 1217 2308 Παλαιολό-

66 2355 169 2427 myos
192 2343 242 2406 καί
267 2338 435 2423 ἀπολαβὼν
465 2337 574 2428 λάθρα
595 2346 809 2426 κοινολογεΐται
834 2345 903 2429 περί
923 2349 988 2408 τῶν
1013 2344 1218 2430 προκειμένων

113 2445 303 2532 φροντίδων·
337 2446 389 2509 καί
416 2440 646 2534 ύπισχνουμίνιρ
668 2451 721 2534 τῷ·
733 2449 857 2527 βασιλεῖ
882 2449 1017 2514 πλοῦτον
1041 2449 1094 2513 καί
1123 2445 1245 2526 δόξανλί

113 2546 387 2631 ἀνθυπιοχνεῒται,
425 2547 526 2636 φυγήν
555 2543 755 2634 ύποκριθείς,
793 2543 951 2635 φονεύσειν
980 2549 1036 2616 τδν
1065 2548 1218 2638 Συργιόν-

114 2676 181 2736 νην.
222 2648 259 2718 οὔ
284 2651 396 2717 πολλαί
419 2655 585 2738 παρῆλθον
613 2651 730 2720 ἐκεῖθεν
755 2646 868 2742 ήμίραι
899 2653 952 2720 καί
980 2648 1071 2740 φήμη
1098 2655 1219 2722 διασκί-

186 2796 229 2851 19.
250 2795 384 2868 limidi
400 2797 445 2852 W·
461 2794 489 2850 in
505 2811 557 2868 mg.

114 2911 225 2968 lissimm
239 2913 391 2969 domesticos
403 2933 462 2970 snos
475 2921 503 2969 et
514 2933 631 2986 magnum
640 2914 814 2971 Domesticura
823 2915 1029 2972 Cantacuzenum
1037 2935 1045 2971 ο
1054 2934 1129 2990 quam
1141 2934 1219 2974 unum

116 2983 228 3038 omnium
246 2985 358 3038 maxima
369 2984 437 3040 idom
453 3003 510 3040 cum
529 3004 559 3038 ao
574 2986 657 3051 velle,
674 2987 742 3040 idem
754 2987 855 3056 spirare
873 2995 901 3040 et
919 3003 982 3056 erga
1000 2993 1116 3041 caeteros
1133 3006 1220 3042 ornnes

115 3069 213 3108 onmem
227 3061 255 3107 et
268 3053 374 3108 hilarem
386 3072 444 3138 essa
459 3062 559 3125 ternpus
576 3054 767 3138 declaraverat..
798 3053 853 3139 Sed
869 3073 925 3108 cuns
938 3057 1079 3110 necessitas
1089 3057 1220 3140 ingenium

114 3122 699 3312 ttsstttttttttt‘ttntttlt
709 3125 1221 3248 ttttt:”t”¹ttt³ttt‘¹.tttttt

114 3277 157 3315 mu
169 3267 196 3312 to
210 3260 267 3330 plus
281 3277 356 3330 posse
367 3279 442 3332 quam
453 3279 578 3316 armorum
593 3261 652 3326 visa,
669 3280 726 3316 curn
749 3263 782 3316 ad
792 3262 841 3316 alia
855 3263 965 3332 plurima
978 3263 1150 3332 expedienda,
1166 3271 1220 3318 tuns

113 3331 226 3384 maxime
237 3330 270 3382 ad
286 3347 326 3394 on,
337 3348 402 3400 quaa
414 3331 513 3384 bellicis
529 3331 678 3386 tumultibus
694 3331 773 3385 variis
787 3331 958 3401 implicantur.
985 3332 1118 3402 Simulque
1128 3333 1161 3386 ad
1174 3350 1221 3386 vo-

114 3405 199 3452 torum
212 3416 254 3452 res
284 3407 355 3454 estas
368 3398 477 3455 animum
492 3401 598 3467 retulit,
615 3399 824 3470 quemadmodum
839 3400 933 3454 Darius
950 3417 998 3470 per
1011 3401 1141 3471 Zopyrum
1153 3400 1221 3454 invi-

114 3477 184 3521 ctam
197 3467 269 3538 Baby
282 3486 353 3522 onem
367 3469 444 3523 facile
463 3489 493 3524 ce
511 3470 591 3534 isset,
608 3479 637 3522 et
651 3470 810 3540 Antigonus,
826 3468 970 3524 Alexandri
985 3486 1159 3522 successorum
1175 3486 1222 3538 po·

114 3536 284 3602 tentissimus,
300 3487 620 3608 saepaartibnsllumenis
632 3540 727 3602 rictus,
741 3537 884 3608 quietipsa
895 3555 927 3592 ex
942 3538 1078 3592 Alexandri
1086 3538 1222 3608 disciplina

114 3605 252 3677 prodierat
267 3616 295 3661 et
310 3607 445 3678 praeclara
460 3607 648 3663 exercitatione
660 3608 799 3663 acerrimus
814 3607 922 3661 bellator
935 3615 1069 3672 evaserat,
1086 3607 1119 3660 ab
1132 3606 1222 3662 eodem

115 3676 228 3730 forsitan
241 3693 291 3728 non
307 3676 381 3730 modo
392 3677 506 3742 viribus,
524 3677 571 3730 sed
585 3676 640 3732 vita
655 3676 732 3730 etism
745 3677 873 3748 spoliatus
892 3683 977 3740 asset,
994 3675 1044 3728 nisi
1063 3676 1160 3730 minus
1173 3677 1223 3730 do·

115 3744 150 3798 lis
163 3753 191 3798 et
205 3744 371 3798 clandestinis
381 3745 614 3800 machinationibus
624 3747 707 3799 νίεοιο
723 3746 885 3801 sustsdisset=
902 3752 955 3798 tum
968 3751 998 3797 ut
1009 3749 1069 3798 anta
1081 3746 1128 3799 hos
1138 3746 1223 3799 λελου-

116 3813 217 3867 nionsia
232 3813 419 3868 Themistocles
433 3833 548 3884 mngnsns
565 3814 633 3868 illam
646 3813 781 3870 Medorum
800 3815 924 3878 classem,
941 3813 1037 3884 alioqui
1058 3813 1223 3884 insuperabi-

116 3881 183 3946 lem,
201 3882 301 3936 callidis
314 3884 401 3937 verbis
415 3891 442 3936 et
457 3883 524 3936 dolis
538 3883 712 3954 profligasset.
746 3885 793 3952 (V.
826 3883 1007 3952 imperatorem
1020 3885 1142 3939 sutemin
1157 3885 1223 3936 hans

117 3969 206 4006 curum
219 3952 342 4005 intentum
353 3961 456 4008 sanator
469 3953 572 4024 quidam
585 3955 745 4022 Spltrantzes
757 3953 779 4006 Ρ
805 3953 927 4022 aeologua
941 3951 996 4005 ndit
1011 3959 1038 4006 et
1049 3953 1105 4006 sina
1118 3951 1224 4006 arbitris

117 4021 272 4090 alloquitur3
290 4021 322 4074 de
335 4022 513 4091 praesentibus
524 4023 636 4091 negotiis
648 4039 704 4076 cum
717 4041 748 4076 eo
761 4020 826 4076 clam
838 4021 982 4086 deliberat,
999 4038 1062 4092 opas
1072 4029 1101 4074 et
1112 4022 1224 4074 bonores

118 4089 251 4160 pollicenti
265 4089 375 4146 vicissim
389 4093 493 4144 caedem
506 4091 660 4161 Syrgianuis
681 4091 833 4161 pollicetur,
852 4107 928 4162 quam
941 4091 1004 4160 luga
1027 4091 1144 4144 simulata
1164 4104 1226 4157 per·-

118 4167 268 4229 petraturus
283 4161 326 4213 sit
361 4161 424 4214 Non
437 4159 523 4214 multis
537 4161 628 4214 diebm
641 4178 675 4214 ex
689 4177 720 4215 eo
735 4160 831 4233 elapsio
847 4161 916 4216 tama
932 4159 1005 4214 circs
1014 4157 1225 4214 Thessalonicam

190 4246 351 4316 ανῳωιιι
369 4246 480 4318 mogo.
509 4248 563 4302 νει
579 4247 601 4302 ι.
974 4233 1018 4298 32
