2986 4886
490 274 747 348 PRAFAEATIO.
1088 285 1169 334 ΜΚ

41 409 43 482 i
123 445 258 500 nemeen
276 454 411 520 pureque
429 432 495 496 oret
514 433 680 498 Chnetieno
690 481 701 514 ‚
721 445 753 499 et
768 431 1002 498 internecionem
1021 431 1170 515 religioni,

40 532 41 570 l
121 541 198 602 tune
208 541 246 601 ilii
259 540 380 622 quidem
396 538 594 621 (nequeenim
607 537 731 598 (hierem
745 539 905 602 eervetoria
919 538 1016 600 ncetri
1034 537 1170 620 potentie

118 641 218 704 luminii
227 645 316 706 ermie
331 641 414 705 uinci
429 636 561 726 potent),
579 640 631 701 eed
646 639 733 702 nobie
746 661 808 702 non
820 642 884 704 eine
895 643 1014 727 cepiteli
1033 645 1169 726 periculo

117 747 223 808 minetui:
250 757 282 808 et
306 745 349 806 ite
377 745 526 821 minatur,
555 753 592 804 ut
613 741 673 803 hoc
695 743 879 808 Christianae
894 746 1074 830 reipublicae
1092 753 1173 808 etatu

117 845 188 928 (quem
197 851 237 910 cel
253 849 326 910 mali
340 847 451 908 ominie
463 867 551 908 cauea
563 846 697 924 vitandi,
719 849 769 908 vel
781 851 880 931 nequi
892 871 924 912 ee
939 849 1101 932 perstringi
1110 867 1173 931 pu-

115 959 170 1028 tent,
184 971 240 1014 cum
254 951 422 1032 Byzantino
436 948 519 1011 haud
533 947 668 1031 confero)
684 948 782 1010 minae
797 951 861 1012 eiue
878 975 894 1012 a
911 953 1029 1014 nemine
1048 952 1173 1012 cordeto

113 1057 227 1114 contemni
242 1065 361 1136 queunt.
404 1053 458 1114 Sin
470 1053 563 1134 aliqui
577 1055 619 1114 ite
633 1063 772 1134 stupent,
792 1063 829 1114 ut
842 1054 918 1116 haec
932 1065 986 1116 eut
998 1077 1059 1118 non
1075 1054 1174 1116 intel-

110 1153 189 1232 ligant:
206 1167 273 1234 ειη,
294 1157 321 1217 ei
348 1155 536 1236 intelligunt,
557 1177 621 1218 nou
641 1165 763 1220 curent:
775 1167 852 1235 cent,
874 1157 899 1219 ei
917 1169 1040 1238 mrent,
1061 1158 1174 1220 nonin

110 1275 187 1338 eopro
197 1260 277 1320 virili
292 1260 459 1334 elaborent,
482 1259 622 1320 omnibus
646 1259 772 1342 privatin
790 1261 1032 1322 contentionibus
1047 1260 1175 1342 omieeie,

108 1359 321 1424 utincolumitati
336 1369 456 1424 noetree
477 1363 669 1424 ccueuletnrr
691 1361 1036 1444 evideneindignetionie
1055 1361 1176 1422 diuinae

109 1473 187 1524 contre
205 1487 278 1542 noe,
310 1474 342 1525 et
361 1464 494 1543 urgentia
515 1465 627 1526 scelere
646 1475 749 1526 nostra
771 1465 936 1542 vindictae,
964 1464 1045 1547 quod
1071 1472 1177 1524 unctor

106 1559 142 1626 iiic
151 1577 241 1630 noeter
255 1569 360 1629 crebro
378 1567 532 1647 queritur,
555 1578 762 1648 argumentum
775 1570 810 1631 id
824 1591 888 1632 eeee
902 1570 1051 1634 videetur.

165 1671 307 1752 Equidem
320 1671 400 1730 inter
414 1671 650 1731 convertendum
667 1669 723 1731 hoe
734 1671 911 1754 scriptores,
934 1693 1002 1734 cum
1019 1671 1058 1732 ed
1074 1670 1177 1750 Impe-

103 1781 211 1836 ntorum
225 1775 258 1834 in
273 1773 426 1852 fungendo
446 1794 571 1836 munere
591 1774 794 1850 oscitantium,
814 1775 1004 1837 tenacitatem
1022 1773 1055 1834 in
1073 1789 1177 1834 necee-

105 1875 178 1954 eniia,
201 1877 391 1958 proineionee
409 1875 443 1936 in
464 1877 672 1958 supervacuis,
694 1887 725 1940 et
741 1879 882 1940 intectina
900 1879 997 1956 belle3
1017 1891 1179 1958 procerum

103 1995 155 2037 vero
170 1989 199 2040 et
213 1981 325 2040 ducum
340 1978 498 2060 perfidiam
514 2001 550 2040 ec
567 1980 778 2060 temeritatem,
799 1982 1007 2062 religiosorum
1018 1977 1178 2055 inscitiam,

102 2087 123 2138 ct
142 2081 173 2142 de
189 2083 257 2144 lene
278 2083 402 2163 ceprine
427 2082 528 2161 rixee,
553 2083 717 2166 populique
744 2085 939 2166 petulantiam
966 2093 996 2146 et
1015 2081 1179 2163 ignavium,

102 2183 350 2265 contentionique
363 2184 503 2246 ordiumn
518 2195 650 2246 extreme
663 2187 774 2268 probru
783 2187 997 2268 pervenieeeme
1014 2194 1179 2266 controque

100 2283 242 2349 Tuncrum
255 2287 398 2348 meiorem
410 2287 510 2364 fidu,
519 2289 659 2349 maiorem
667 2288 877 2368 integritatem,
890 2289 1110 2367 fortitudinem,
1119 2287 1179 2347 cle·

98 2392 227 2468 mutiam,
240 2390 370 2452 virtuter
378 2390 515 2472 ipeorum
527 2387 661 2452 hoetinm
672 2390 773 2470 elogiia
782 2393 955 2470 celebretur,
966 2393 1120 2472 legieeemt
1135 2389 1180 2452 ite

97 2510 146 2553 uum
156 2495 250 2556 animo
262 2494 601 2572 commotue,utTurcoe
614 2492 741 2574 imperio
747 2493 835 2574 longe
843 2494 992 2574 dignionee
999 2494 1179 2556 iudicarem:

96 2598 230 2658 eieecem
245 2617 281 2658 ec
296 2596 443 2658 catinam
458 2597 541 2658 illem
555 2596 739 2658 nefariorum
754 2592 911 2656 hominum
934 2605 996 2656 tem
1018 2595 1069 2657 diu
1089 2594 1181 2656 suieee

95 2695 273 2778 incolumem,
294 2717 352 2760 nec
371 2699 461 2760 citiue
477 2719 649 2780 oppreeeem
665 2717 742 2774 ecee,
766 2698 891 2761 mirarer
902 2699 1008 2781 potine
1019 2671 1108 2779 quani
1122 2697 1180 2757 mi-

95 2819 198 2866 urarer.
238 2801 305 2864 Eoi
327 2801 367 2863 ed
388 2801 676 2864 commiserationem
693 2801 792 2863 ciedee
810 2801 898 2880 illae,
928 2811 960 2863 et
980 2799 1183 2864 ssorentimimi

94 2907 333 2986 potentieeimique
346 2903 497 2985 quondam
510 2903 632 2986 imperii
647 2903 757 2982 ndne,
779 2913 809 2964 et
824 2903 1009 2966 Christianae
1029 2902 1183 2985 religioni}

94 3017 159 3069 etot
174 3010 362 3094 amplieeimie
373 3005 733 3093 prouinciie'proiligetio‚
755 3006 806 3066 vel
819 3026 891 3066 cua
909 3027 1100 3072 commovere
1110 3027 1182 3090 poe-

93 3108 154 3172 eiut:
184 3125 302 3178 noetroe
323 3127 425 3177 entem
445 3113 600 3188 hominen,
628 3110 723 3172 simili
740 3117 819 3170 etetu
837 3129 961 3191 rerum,
986 3131 1041 3172 nec
1057 3110 1182 3172 illorum

93 3213 296 3298 misericordie,
317 3241 376 3282 nec
395 3218 502 3281 eimilie
524 3214 609 3277 exitii
629 3222 712 3276 metu
733 3215 914 3277 commoveri
931 3215 973 3276 eit
991 3211 1180 3274 min-endum:

93 3333 137 3378 uec
146 3321 360 3404 desperandum
372 3329 474 3382 temen
482 3363 492 3396 ,
509 3319 578 3379 ‘fore
594 3316 723 3393 multoe,
744 3316 799 3396 qui
812 3316 862 3378 hie
879 3339 941 3378 non
954 3317 1046 3380 modo
1060 3315 1100 3375 ed
1122 3333 1183 3376 vo·

92 3413 237 3501 lupntem,
258 3426 314 3486 eed
328 3425 416 3486 etiam
431 3423 471 3484 ed
485 3421 636 3504 publicem
651 3419 814 3482 utilitatem
828 3421 977 3500 legendie‚
998 3430 1086 3481 tuum
1105 3437 1185 3478 con-

92 3519 176 3585 tilium
190 3527 352 3606 leudetori,
374 3537 405 3588 et
415 3527 496 3588 inter
507 3533 624 3586 coetera
641 3532 816 3606 emanente
832 3543 923 3605 quem
937 3522 1068 3606 plurima
1080 3537 1184 3582 nnme-

93 3628 174 3688 nturi
186 3629 263 3709 rint,
287 3630 340 3712 qni
353 3629 468 3692 illuetri
480 3627 663 3690 monimento
678 3625 809 3707 portoria
821 3627 912 3688 etiem
933 3625 1105 3688 contuitum
1125 3643 1185 3684 vo·

93 3723 187 3796 luet:
214 3743 244 3794 et
268 3734 438 3794 multorum
457 3730 590 3804 mmor,
611 3728 662 3790 hie
683 3728 824 3810 operibne
848 3729 881 3790 in
903 3729 1063 3813 publicum
1084 3724 1184 3801 editio,
1274 3725 1276 3730 ’

95 3827 127 3888 td
139 3835 245 3912 petrice
259 3835 465 3897 detentionem
479 3833 592 3896 maiore
605 3831 707 3894 etudio
721 3831 944 3915 suscipiendum
960 3828 1111 3894 exciteris.

165 3936 259 4018 Atque
279 3938 356 4000 haec
375 3940 413 4000 de
439 3935 575 3999 historie.
617 3936 661 3996 De
685 3943 810 3996 euctore
827 3957 892 3997 non
909 3935 1015 3998 multi·
1031 3943 1078 3996 eet
1100 3947 1186 4013 opne.

94 4031 225 4120 idemque
237 4041 371 4122 iugenio,
393 4040 542 4116 doctrine,
563 4037 713 4116 fecundia,
735 4039 916 4102 anctoritate
935 4037 1017 4122 epud
1030 4056 1102 4098 euoe
1116 4035 1185 4094 fue*

97 4135 145 4212 rit,
162 4139 221 4222 ipee
234 4145 355 4206 abunde
368 4145 511 4206 declaret.
555 4141 652 4216 Quem
676 4159 746 4200 cum
769 4161 803 4202 ee
825 4163 902 4224 quee
915 4143 952 4204 de
966 4139 1113 4202 Michriile
1125 4140 1186 4200 Pa·

98 4233 213 4322 leeologo
225 4267 319 4329 unque
333 4248 373 4308 ed
387 4248 597 4310 Catelanorum
611 4243 649 4302 ab
665 4242 839 4306 Andronico
855 4247 973 4308 eeniore
988 4241 1186 4306 desectionem

102 4339 201 4423 Uli,
217 4368 236 4409 e
251 4349 381 4432 Georgio
393 4351 589 4433 Pechymerio
601 4359 773 4412 mutuetum
789 4371 866 4429 eece,
888 4359 978 4430 utque
991 4348 1024 4408 in
1040 4364 1186 4426 compon-
