3084 4862
322 283 368 332 nx
518 269 753 342 NICEPHORI
774 267 1014 340 GREGORAE
1034 269 1214 340 ELOGIA.

323 435 435 538 οικεῖμ,
455 429 551 494 καλ
519 455 575 494 κατ
606 426 698 512 inpos
711 453 749 492 τα
740 425 916 512 μέρη,τί
883 423 1114 533 τθεωρητικέν
1127 453 1208 512 φημι
1220 427 1321 496 καλ
1286 454 1319 496 το
1336 453 1416 514 πρα-

322 514 440 592 κτικόν,
465 511 600 620 ἐλοίγιστα
617 521 657 602 τῷ
679 517 855 623 Πτολεμαίῳ
869 510 1051 623 γροέμενοι
1037 521 1080 598 roi
1094 515 1234 624 ¹¹²)rrtsios
1241 541 1305 590 τοις
1315 517 1417 580 venri

320 625 394 704 ροις
412 596 620 666 πιστεύωσιν·
650 595 687 665 osi
711 598 768 682 γὰρ
791 606 855 675 τοῖς
879 601 1064 709 Αρραβεκοῖς
1087 597 1192 682 μόνοις
1213 597 1374 683 εἶρκοῠντες
1387 602 1417 684 ²)

319 681 454 765 κανόσιν,
467 686 501 751 ἐκ
514 709 568 750 του
558 683 729 794 Μωαμέθ
739 683 908 791 εἰργμένοις,
923 680 997 750 attat
1010 692 1131 762 πολλοῖς
1144 687 1196 750 καί
1212 685 1312 762 ἄλλοις
1324 705 1417 794 προο-

318 776 457 875 χρῶνται.
486 767 580 836 τοῦτοί
598 795 629 836 τε
653 795 710 835 ουν
733 776 838 851 σαφῶς
853 771 1025 850 ἐκέίίαξον,
1047 770 1098 836 καί
1125 773 1207 855 εἴπερ
1224 767 1288 838 otto
1302 796 1334 837 τε
1347 770 1420 850 τοελς

199 905 201 911 -
318 861 374 937 τῆς
388 859 546 938 ψηφορίας
560 852 690 932 κανόνας
703 852 794 939 (οὕτω
815 854 847 922 δέ
860 881 897 920 τα
889 853 1138 940 παραγγέλματα
1147 863 1205 921 τοῦ
1216 865 1420 966 ψηφηφορεῖν

317 947 446 1006 καλοῦσι
444 941 602 1046 Λατῖνοι)
625 943 766 1006 κέλευσον
789 943 1041 1025 μετεγγραφίυτας
1062 945 1207 1024 σεαλῆναί
1228 967 1295 1052 μοι,
1322 941 1364 1017 sic
1381 939 1420 1006 siv

319 1026 376 1107 ἔγω
397 1023 524 1102 τούτους
538 1036 602 1104 τοῖς
617 1028 740 1091 ἐκείνων
754 1029 946 1110 παραβαλεῖν.
967 1025 1107 1110 ἡμεῖς
1059 1053 1125 1133 γαρ
1142 1025 1223 1114 ἐίκρρε
1238 1025 1273 1093 το
1293 1053 1349 1092 του
1335 1023 1421 1092 λό-

318 1135 375 1195 γου
393 1112 565 1195 γεγευμένοι
583 1109 718 1199 ἐακτιίλῳ
738 1117 804 1219 τῆς
823 1117 943 1218 κλεινῆς
963 1109 1128 1196 ἐπιστήμης
1156 1108 1332 1219 φλεγέμεθα
1366 1111 1422 1196 μέν

317 1199 460 1274 πλείονος
473 1196 643 1308 ἐφιέμενοι·
664 1203 707 1285 τῷ
720 1221 753 1282 γε
766 1221 826 1278 μην
841 1191 965 1301 irrepsit
984 1201 1121 1308 βιβλίαν,
1143 1194 1352 1306 ἐκκρουόμεθα
1366 1204 1423 1264 τοῦ

320 1287 451 1347 σκοποῦ.
474 1277 597 1348 ἐπεί
557 1308 616 1348 ουν
631 1263 734 1388 ἐγυέος,
757 1276 783 1345 d
797 1277 959 1364 θαυμαοιε,
973 1309 1010 1348 τα
1022 1308 1078 1348 κατ
1081 1279 1165 1366 ’iub
1186 1308 1238 1348 και
1252 1307 1324 1348 stov
1342 1285 1423 1348 deoi-

321 1390 384 1450 μην
400 1362 532 1450 ακριβαλς
546 1365 641 1433 ολοθα
664 1364 834 1474 ὅγ’πουθεν.
853 1366 904 1432 οόν
918 1370 1023 1432 τοίνυν
1039 1369 1126 1452 ἔργον
1141 1365 1259 1452 iudi>
1241 1393 1289 1433 ors
1301 1369 1358 1434 καλ
1370 1363 1424 1434 do·

322 1469 392 1518 υαιο
416 1450 606 1560 βονγθεῖν”
567 1479 646 1518 corso
636 1451 765 1562 noddo>
776 1477 809 1537 γε
821 1453 987 1539 ἱδρυμένα
1009 1453 1073 1518 insi
1089 1463 1154 1530 τοῖς
1175 1477 1207 1518 τε
1224 1451 1425 1558 3)συμπολί··

320 1559 387 1612 παις
417 1536 493 1646 προς
520 1535 604 1604 ἅπαν
625 1534 734 1621 αρκεῖς.
782 1517 957 1620 ἐρρωμένος
974 1536 1135 1624 διαβιοίγς,
1167 1537 1258 1618 ὁτῆς
1278 1535 1426 1615 Ἑλλάδος

319 1615 484 1730 ἐξυλορκης
491 1619 699 1710 4)ιίφθαλμός,
717 1622 865 1732 ὁσημέραι
872 1631 935 1698 τοῖς
950 1603 1152 1728 ὑψηλοτέροις
1165 1627 1354 1709 προβαίνων,
1371 1625 1426 1690 καλ

318 1704 391 1784 τους
403 1703 483 1772 κάτα
499 1709 656 1794 κειμένους
667 1707 742 1795 πρὸς
758 1705 886 1773 οεαυτέν
899 1706 1106 1792 ἐφελκόμενος.

372 1857 540 1951 Georgius
559 1862 726 1951 Lapithes
746 1860 938 1953 Nicephoro
962 1861 1160 1954 Guges-ae,
1182 1886 1223 1930 esa
1245 1861 1372 1950 Cypro.

400 1981 496 2042 Aiunt
509 1983 629 2064 physici
652 2005 814 2085 corporum
836 1985 1044 2066 impressiones
1068 2005 1103 2045 eo
1118 1970 1249 2046 ulterius
1267 1982 1426 2064 progredi,

316 2085 378 2145 quo
402 2087 436 2126 es
445 2089 552 2149 ‚quae
573 2070 638 2130 rim
663 2071 856 2152 imprimunt,
877 2071 1019 2132 maiorem
1040 2069 1074 2128 in
1091 2090 1122 2130 se
1134 2070 1278 2132 virtutem
1296 2066 1425 2129 babent.

314 2149 420 2230 ltaque
441 2154 486 2212 nil
503 2155 612 2215 mirum
627 2151 658 2237 (o
673 2155 762 2235 mihi,
788 2156 876 2216 etiam
893 2157 983 2216 istinc
1000 2156 1125 2237 procul,
1147 2155 1290 2215 dilectum
1307 2152 1429 2236 caput),

314 2236 397 2316 quod
414 2257 482 2298 cum
494 2249 597 2300 tantus
612 2241 676 2320 ipse
690 2241 740 2317 sis,
762 2241 832 2301 inde
845 2251 938 2322 usque
949 2263 1004 2305 nos
1019 2241 1154 2301 irradies.
1198 2240 1316 2300 Etenim
1334 2241 1427 2317 sema,

314 2340 406 2400 quam
426 2331 533 2404 potitae
552 2327 641 2394 Deam
663 2326 724 2404 fing
710 2289 797 2404 sint,
819 2328 900 2386 ultra
914 2347 969 2388 nos
983 2345 1102 2407 quoque
1125 2335 1251 2386 conatur
1264 2334 1294 2384 ts
1307 2345 1429 2406 prove-

312 2403 403 2483 λεεεε,
426 2429 463 2468 ac
475 2411 507 2470 in
521 2411 616 2490 ipsam
629 2411 743 2470 indiam
761 2420 947 2493 penetraret,
969 2412 1027 2472 nisi
1043 2432 1114 2490 gens
1127 2411 1281 2471 barbara
1272 2421 1429 2490 amportu-
1532 2469 1533 2474 ,

313 2492 408 2551 nitate
432 2513 486 2554 sus
504 2495 586 2557 illius
606 2517 695 2558 voces
717 2497 868 2576 frangeret
888 2517 923 2557 sc
945 2497 1127 2558 retunderet.
1172 2497 1263 2557 Porro
1288 2505 1317 2555 te
1332 2497 1431 2574 fama,

312 2577 364 2637 vir
382 2581 511 2660 optime,
533 2590 672 2642 accurata
693 2583 956 2661 grammaticorum
978 2591 1040 2642 arte
1062 2590 1277 2664 praestantem,
1299 2581 1430 2640 dicendi

313 2663 402 2743 copia
430 2673 460 2724 et
479 2665 624 2766 elegantis
645 2668 894 2748 praestantiorem
916 2669 1011 2728 canit:
1034 2668 1067 2728 in
1085 2666 1250 2727 dialecticis
1269 2667 1430 2746 captioni-

314 2745 370 2806 bus
393 2757 423 2807 et
444 2752 568 2829 argutiis
592 2751 780 2834 (artificiosas
796 2753 866 2814 dico
879 2753 1168 2832 argumentationes,
1192 2771 1265 2850 quas
1280 2752 1431 2830 ingenio·

314 2850 367 2891 sus
388 2831 563 2897 Aristoteles
584 2847 682 2898 rectas
699 2848 729 2898 et
746 2836 795 2897 bia
821 2839 954 2899 diversas
971 2848 1056 2898 acute
1074 2837 1272 2915 excogitavit,
1295 2848 1369 2910 aut,
1393 2847 1431 2896 ut

312 2915 416 2977 verius
442 2918 541 2980 dicam
549 2923 752 3022 ,profundo
753 2932 877 2984 naturae
899 2922 969 2982 sinu
986 2923 1101 2983 abditas
1123 2923 1316 3000 investigavit
1339 2931 1374 2982 et
1396 2922 1432 2982 in

314 3012 451 3082 apertum
466 3003 656 3089 protulit)‚'
647 3027 678 3066 sn
692 3007 730 3067 iis
743 3007 866 3086 inquam
883 3009 961 3068 sema
977 3018 1007 3068 te
1021 3029 1084 3066 non
1098 3007 1278 3068 mediocrem
1297 3007 1431 3088 praedi-

314 3096 372 3148 cat.
415 3089 525 3150 Eadem
537 3091 571 3151 in
595 3093 809 3171 cognoscendis
821 3093 912 3154 rebus
927 3093 1131 3169 naturalibus,
1153 3101 1184 3152 et
1199 3087 1296 3174 (quod
1311 3088 1431 3178 maius)

312 3172 346 3232 in
362 3193 396 3233 eo
417 3175 498 3255 quod
516 3186 575 3248 est,
599 3188 743 3258 quatenus
758 3187 818 3255 est,
842 3180 1073 3261 contemplando
1092 3189 1121 3238 et
1138 3175 1432 3258 comprehendendo

312 3278 447 3336 ssgscem
471 3261 595 3323 clamat:
618 3263 765 3343 denique,
786 3265 871 3324 velut
894 3265 1108 3345 pretiosissimo
1133 3283 1264 3340 corone,
1286 3263 1434 3324 scientiis

312 3353 402 3403 ornat
423 3345 655 3425 methematicis3
678 3367 711 3408 ea
732 3350 924 3430 praesertim,
946 3369 1022 3430 quas
1042 3358 1086 3409 est
1103 3347 1346 3426 omniumspex,
1373 3349 1434 3408 in-

311 3435 394 3489 tenta
415 3451 522 3514 nempe
543 3434 730 3516 explicandis
749 3435 879 3495 motibus
900 3443 931 3495 et
952 3435 1117 3494 virtutibus
1133 3453 1295 3514 corporum
1308 3453 1433 3515 perpe-

310 3520 367 3573 tuo
386 3527 471 3577 motu
490 3517 677 3598 agitatorum.
719 3519 802 3580 Haec
813 3519 850 3580 de
866 3530 896 3580 te
914 3520 1036 3600 quidem
1049 3522 1145 3594 fama,
1166 3539 1216 3577 cur
1207 3517 1277 3576 sas
1297 3519 1433 3580 credere

311 3607 365 3658 est
408 3600 449 3660 At
461 3612 508 3676 tu
529 3605 578 3668 vir
592 3604 777 3678 admirande,
794 3605 918 3687 quando
931 3605 1057 3668 effecisti
1072 3614 1106 3664 ut
1119 3623 1203 3663 mens
1214 3613 1268 3662 tus
1283 3603 1344 3662 toti
1358 3605 1434 3664 Mu·

310 3702 415 3746 sarum
440 3685 533 3749 choro
556 3691 641 3750 velut
657 3692 805 3772 templum
822 3699 954 3772 pateret,
978 3690 1210 3789 cogitationibus
1229 3687 1291 3747 tuis
1303 3689 1433 3767 beatus,

175 3808 181 3818 -
307 3767 401 3831 babes
421 3773 548 3833 unde
524 3795 564 3834 sss
586 3776 671 3836 felix.
715 3776 865 3850 Quoniam
879 3786 980 3835 umen
996 3776 1114 3852 animo,
1135 3773 1248 3834 divinis
1262 3773 1434 3854 speciebus

309 3853 491 3937 informato,
512 3858 545 3918 id
566 3860 649 3940 quod
664 3861 788 3922 scientia
807 3872 869 3937 est,
890 3862 986 3922 multo
999 3861 1085 3942 prius
1100 3861 1288 3921 voluntatem
1304 3871 1436 3920 rectam

310 3943 470 4004 accessisse
489 3965 547 4024 par
570 3955 615 4006 est
636 3946 775 4008 arbitrari
795 3947 879 4026 (nem
891 3967 925 4008 es
941 3957 986 4007 est
998 3947 1089 4028 plane
1104 3965 1246 4026 expressa
1263 3947 1436 4045 prototypi

310 4024 420 4104 virtus,
440 4048 497 4090 nec
510 4031 584 4091 boni
599 4031 692 4092 ullius
703 4032 856 4114 particeps
873 4031 1033 4112 quisquam
1049 4052 1111 4092 esse
1126 4030 1276 4106 creditur,
1301 4031 1361 4109 qui
1375 4032 1438 4092 in·
1482 4099 1484 4104 .

311 4109 397 4170 vidis
411 4073 585 4195 isboset),
576 4116 657 4176 mid
670 4126 701 4176 te
722 4137 839 4178 summo
855 4117 956 4180 studio
974 4127 1096 4199 oportet
1109 4113 1298 4193 incsambsre,
1318 4123 1361 4176 ut
1383 4117 1436 4178 si·

349 4273 438 4347 met.
506 4282 539 4353 2)
555 4278 665 4341 Fort'
647 4285 808 4356 coscinos
877 4285 911 4356 Β)
926 4303 966 4358 γε
1035 4286 1068 4354 4)
1085 4279 1246 4354 testssss's
