3008 4878
315 281 390 358 462
609 291 841 364 NICEPHORI
860 291 1099 365 GREGORAE

185 461 216 516 Α·
237 459 277 515 Μ·
316 463 435 546 τροφῆς
444 454 675 548 ὀστρακόδερμα
685 455 784 525 πάντα
798 457 851 525 διδ
863 458 904 526 cri
915 465 977 527 τῶν
990 462 1146 545 νηστίμων
1159 459 1282 528 έκείνων
1293 457 1409 549 ἡμερῶν

198 533 268 652 δξήδ
316 560 449 646 νόμιμα·
476 563 528 650 ίφ’
545 559 591 639 οἷς
605 563 673 628 δέον
688 563 897 654 ἀκρατοποσίρι
907 561 1101 650 χρήσασθαι,
1120 564 1276 652 δυναμένη
1288 565 1409 650 γηραιόν

201 667 270 724 6849
318 673 450 732 τονῶοοι
481 663 637 750 στόμαχον
665 666 742 751 πρός
770 670 1048 754 κατεργασίαντῆς
1068 669 1279 754 σκληροτέρας
1301 669 1411 751 ἐκείηης

150 741 452 862 mfgssssssffnrpopffr·
481 766 546 836 όδέ
559 772 756 859 ψυχροποσίφ
770 766 929 856 έχρήσατο.
965 769 1040 846 δ’θος
1054 770 1113 858 γάρ
1130 772 1216 860 αὐτῷ
1234 763 1294 856 ἦν,
1321 767 1409 835 tutte

286 874 459 939 Εαίσθοιτο
483 874 676 960 θερμοτέρας
698 879 752 958 τῆς
773 873 859 952 λ’ξεως
883 880 945 940 τῶν
967 877 1084 940 οἰκείων
1099 881 1222 960 φλεβῶν
1240 873 1427 959 γινομένη-ηδ

181 963 183 970 ⁴
315 977 436 1065 ἀμέτρῳ
455 983 596 1062 χρῆσθαι
619 979 833 1067 ψυχροτοσίη,
866 973 942 1064 όπέρ
972 983 1029 1043 τοῦ
1051 977 1095 1061 μή
1120 974 1319 1062 ἠναγκάσθαι
1340 977 1410 1040 ποτέ

317 1086 380 1146 τῶν
405 1087 527 1166 φλεβῶν
551 1083 703 1164 μηδεμίαν
726 1089 834 1163 τεμεῖν.
877 1078 1005 1167 τοιαότη
1030 1082 1133 1146 τοίνυν
1163 1083 1267 1166 διαίτῃ
1291 1083 1340 1143 καὶ
1358 1086 1409 1142 τόν

313 1180 507 1269 χρησάμενος
522 1188 685 1271 δυσφορεῖν
699 1183 794 1260 εάθδς
807 1183 922 1270 ήρξατο
943 1187 993 1249 καί
1011 1181 1091 1249 πάνυ
1106 1181 1249 1268 πονήρως
1268 1183 1343 1265 ἔχειν
1355 1185 1408 1246 τοῦ

317 1284 474 1370 στομάχου
490 1290 608 1371 καὶτῆς
623 1290 759 1373 καρδίας.
788 1289 850 1353 inci
865 1287 899 1352 δὲ
915 1290 964 1352 καί
979 1293 1041 1352 τῶν
1058 1287 1304 1352 ἀναπνεσστικῶν
1319 1281 1410 1370 ἀρχά-

315 1415 377 1455 νων
391 1392 646 1477 ίμφροττομένων
659 1390 718 1476 ήδη
733 1393 782 1455 καλ
799 1391 1087 1477 στενοχωρουμένου
1101 1387 1258 1476 ᾐσθάνετο
1274 1391 1324 1453 καὶ
1337 1386 1447 1457 όσοιιῦ

287 1493 425 1558 11ἀὐτίκα
446 1491 668 1578 τεθνηξόμενον
694 1493 817 1576 ἔβλεπεν
847 1491 956 1560 ἑαυτὸν
980 1497 1030 1558 καί
1059 1493 1111 1558 διὰ
1135 1491 1193 1577 τήν
1218 1491 1333 1578 ἀωρίαν
1353 1489 1411 1573 οὐχ

201 1593 297 1654 mil
316 1595 450 1682 εὕρισκεν
471 1597 597 1678 οὐδένα,
626 1597 660 1674 tr
681 1597 765 1686 αὐτῷ
784 1600 932 1682 μεταδοίη
952 1605 1013 1663 τῶν
1027 1599 1121 1662 θείων
1141 1598 1334 1681 μυστηρίων,
1361 1617 1411 1658 κε-

313 1701 495 1784 κλεισμένων
513 1698 640 1766 ἀπασῶν
653 1707 715 1766 τῶν
729 1703 796 1787 περὶ
811 1700 850 1766 τά
863 1705 1004 1783 βασίλεια
1020 1705 1135 1779 πυλῶν,
1164 1699 1300 1774 ἀναστάς
1315 1696 1413 1780 ηδχα-

314 1805 440 1890 ρίστησέ
452 1830 484 1868 τε
503 1811 548 1893 τῷ
563 1809 629 1892 θεῷ
651 1806 701 1868 καὶ
722 1800 798 1888 δτιέρ
816 1805 969 1891 σωτηρίας
990 1809 1046 1888 τῆς
1061 1802 1157 1867 αὐτοῦ
1176 1809 1281 1885 ψυχῆς
1297 1799 1411 1884 ηδ’ξοτο

313 1905 371 1970 oria
386 1909 543 1982 πλουσίοις
556 1917 620 1982 τοῖς
637 1905 766 1994 δάκρυσι
781 1909 830 1972 καὶ
843 1909 1046 1992 χονοκλισίαις
1060 1911 1198 1981 πολλοῖς.
1226 1901 1290 1970 εἶτα
1304 1901 1410 1990 sots-
1420 1919 1453 1971 15

313 2035 383 2073 πιον
405 2009 507 2096 φέρων
524 2009 581 2094 τήν
596 2016 652 2093 τῆς
668 2007 859 2094 θεομήτορος
879 2014 968 2076 θείαν
992 2007 1094 2074 είκόνο
1119 2011 1150 2085 ές
1171 2000 1207 2073 τὸ
1229 2005 1330 2089 στόμα
1346 2007 1414 2071 ἶνέ-

311 2116 407 2194 βαλεν
417 2111 485 2176 ἀντὶ
501 2119 562 2178 τῶν
572 2116 666 2178 θείων
677 2115 854 2197 μυστηρίων
863 2115 913 2178 καὶ
930 2116 1064 2190 καθίσας
1071 2113 1120 2177 tui
1133 2117 1189 2195 τῆς
1203 2113 1307 2194 κλίνης
1317 2108 1415 2187 εάθδς

313 2212 497 2298 ἀπήλλαξεν,
517 2213 604 2282 οάπω
619 2223 674 2300 τῆς
684 2216 793 2292 νυκτός
806 2217 920 2300 ἐκείνης
933 2214 1076 2300 ληξάσης.
1105 2218 1210 2298 κλίνην
1224 2213 1257 2279 δ’
1273 2215 1414 2278 ἐνταῦθα

195 2320 227 2376 Ρ.
246 2321 298 2379 285
316 2319 441 2402 νοητίον
466 2318 502 2385 od
523 2317 579 2404 τήν
601 2318 723 2404 συνήθη
745 2321 796 2384 καλ
820 2321 851 2384 έν
875 2327 920 2408 τῷ
936 2325 1060 2407 φανερῷ
1075 2319 1229 2401 κειμένην,
1258 2315 1336 2383 ἀλλά
1356 2315 1415 2400 τήν

311 2418 392 2487 πάνυ
413 2446 460 2487 τοι
483 2419 648 2506 ἓνδοτάτην
669 2425 720 2487 καὶ
737 2421 823 2507 παροδ
843 2422 978 2509 πλευράν
998 2429 1056 2488 τοῦ
1076 2417 1250 2506 οάρηδόχοσ
1274 2419 1455 2502 respirarem

314 2527 459 2591 οίκίσκου.
495 2524 553 2611 ἀφ’
571 2517 607 2590 ob
623 2525 682 2612 γάρ
704 2525 819 2611 ήρξατο
842 2527 1008 2612 δυσφορεῖν
1024 2527 1074 2589 καλ
1093 2529 1353 2610 στενοχωρεΐοθαι
1374 2522 1416 2586 τὰ

313 2627 419 2709 δ’νδον,
456 2625 599 2712 συχνάκις
619 2631 670 2693 καλ
692 2628 771 2694 κατὰ
789 2624 900 2713 μόριον
921 2627 1004 2713 ὥρας
1028 2629 1059 2703 ές
1080 2627 1134 2694 τόν
1156 2634 1300 2692 τοιοῦτον
1321 2623 1417 2711 είσήει

267 2763 270 2778 =
315 2732 447 2797 οἰκίσκον
467 2732 573 2817 χρείας
592 2731 758 2817 ἀναγκαίας
773 2731 870 2796 ε’ίνεκα
891 2738 947 2815 τῆς
961 2727 1102 2816 γαστρός.
1130 2729 1166 2795 cd
1183 2729 1216 2794 δ’
1234 2722 1290 2795 odo
1309 2733 1417 2792 τελευ-

313 2843 401 2900 ταΐον
425 2833 469 2918 μή
491 2836 636 2920 δυνηθείς
650 2836 681 2912 ές
699 2833 755 2920 τήν
775 2831 899 2920 συνήθη
921 2836 973 2900 καὶ
992 2832 1131 2922 φανεράν
1153 2829 1266 2900 ἑαυτὸν
1289 2828 1417 2898 ἀνωσά-

379 3031 407 3086 2
428 3031 550 3126 χρῆσθαι
567 3032 597 3086 Α.
665 3029 710 3087 24.
733 3025 970 3090 έποινιιοοόοοιοθοιι
985 3031 1017 3086 Δ.

310 3205 370 3266 tur,
387 3201 469 3256 omnia
487 3207 603 3255 testacea
618 3205 726 3284 propter
747 3201 845 3256 illoram
862 3203 960 3257 dierum
978 3203 1081 3258 solenne
1097 3199 1228 3256 ieianima.
1262 3199 1330 3254 Post
1348 3217 1419 3272 qne

268 3275 271 3282 ⁴
311 3287 368 3324 com
381 3287 475 3324 merum
488 3271 625 3324 bibendum
638 3272 748 3336 fureret,
783 3290 815 3325 uo
826 3275 928 3326 vetulus
941 3273 1086 3327 stomachus
1105 3271 1138 3324 ad
1152 3271 1281 3324 duriam
1291 3271 1364 3324 ulum
1378 3272 1420 3324 ci·

310 3340 373 3394 bum
386 3339 565 3393 conficiendum
578 3339 738 3403 firmaretur,
754 3289 798 3394 ide
813 3342 910 3410 frigida
931 3359 991 3395 usus
1007 3349 1056 3394 est
1090 3341 1196 3394 Solebat
1219 3339 1335 3410 quippe,
1361 3357 1420 3394 can

311 3425 394 3462 venas
407 3425 468 3462 suas
481 3409 565 3462 calore
579 3408 654 3467 nimio
667 3408 774 3462 odeum
789 3411 932 3475 sentiebat,
948 3411 1114 3464 immoderate
1126 3409 1247 3478 frigidam
1256 3410 1368 3473 bibere,
1385 3427 1419 3463 ιε

311 3477 365 3530 ulla
376 3495 457 3531 venae
468 3477 581 3530 sectione
598 3483 667 3530 esset
687 3495 760 3548 opus.
794 3477 855 3532 Teii
872 3497 935 3548 ergo
951 3479 1037 3534 diaeta
1057 3487 1110 3532 tum
1125 3495 1227 3549 quoque
1241 3493 1305 3530 usus
1325 3479 1417 3532 stetin

311 3563 392 3616 aeger
403 3565 461 3600 esse
473 3553 500 3598 et
514 3564 529 3599 e
553 3547 683 3600 stomacho
700 3555 727 3600 et
748 3546 826 3602 corde
843 3551 958 3616 graviter
975 3549 1094 3602 laborare
1111 3547 1205 3617 coepit
1242 3545 1310 3598 com
1329 3557 1417 3600 actu

311 3615 394 3684 ipsius
406 3616 512 3687 spiritus
526 3621 621 3669 meatus
638 3616 753 3669 obturari
772 3623 799 3668 et
821 3617 948 3670 coarctari
969 3617 1092 3680 sentiret,
1116 3633 1147 3668 ac
1167 3616 1347 3668 mortaniam
1367 3617 1417 3669 nbi

311 3681 410 3737 instare
424 3692 549 3748 cerneret,
565 3691 591 3736 et
604 3693 710 3754 propter
721 3685 897 3756 intempestam
907 3691 1006 3739 noctem
1019 3685 1140 3738 nemiuem
1153 3685 1293 3753 reperiret,
1306 3683 1353 3752 qui
1367 3685 1417 3738 sibi

312 3751 400 3806 divino
413 3754 535 3824 mysteria
546 3752 734 3822 impertiretur,
751 3755 864 3808 omnibus
884 3753 953 3808 circa
966 3747 1088 3825 politium
1106 3753 1189 3823 portis
1208 3753 1305 3804 ελειιείτ
1326 3771 1417 3807 πτοε-

312 3821 352 3872 xit
365 3829 393 3874 et
403 3825 503 3892 gratias
521 3823 577 3892 egit
590 3821 645 3876 Deo
663 3830 691 3876 et
710 3823 851 3892 proculato
865 3823 964 3876 animae
977 3841 1039 3877 suae
1051 3839 1108 3876 cum
1122 3821 1243 3874 uberibus
1253 3819 1379 3890 leupario
1392 3827 1418 3876 rt

312 3889 533 3970 genuflexionibus
542 3891 627 3944 moltis
638 3891 730 3947 oravit.
754 3891 854 3946 Deinde
872 3909 969 3946 sacram
981 3885 1168 3960 Deigenitrieis
1179 3889 1326 3958 imaginem,
1341 3907 1417 3960 qm

311 3973 340 4010 m
353 3955 409 4010 sinu
422 3962 557 4027 gestabat,
575 3961 630 4014 Ιοοο
643 3959 784 4014 divinorum
799 3962 974 4032 mysteriorum
986 3962 1013 4014 in
1026 3979 1055 4013 os
1067 3959 1191 4012 inseruit:
1208 3975 1318 4027 comque
1337 3959 1367 4011 in
1378 3959 1418 4011 ie-

312 4032 354 4080 cto
368 4029 545 4092 consedisset,
563 4047 594 4082 ea
608 4039 683 4096 nocte
696 4031 804 4084 nondum
816 4033 855 4084 eia
874 4049 903 4084 sa
922 4030 1007 4084 subito
1020 4029 1140 4082 decessit
1175 4029 1271 4080 seems
1289 4033 1378 4079 καίετο
1389 4029 1416 4080 in

311 4095 443 4164 praesenti
457 4097 614 4217 inteilipatur
627 4112 681 4151 mon
703 4107 839 4152 consuetus
858 4100 916 4166 sile,
939 4100 985 4152 sed
998 4097 1105 4152 omnium
1119 4096 1235 4160 intimus,
1250 4095 1277 4147 is
1289 4095 1416 4152 videlicet

311 4163 357 4248 qui
369 4165 403 4218 ad
416 4165 526 4218 latrinae
552 4173 608 4219 atus
623 4166 689 4220 sitas
701 4168 759 4221 mir.
794 4169 837 4222 Ex
870 4185 903 4222 oo
921 4170 987 4221 enim
1005 4167 1070 4221 mole
1083 4167 1178 4219 babere
1190 4163 1278 4234 coepit
1298 4171 1328 4216 st
1345 4164 1415 4217 dim-

312 4233 385 4286 edius
398 4233 507 4305 spirare,
527 4235 630 4306 saepius
643 4247 692 4288 uno
707 4238 788 4290 borae
818 4255 851 4292 ua
883 4248 943 4290 ante
957 4237 990 4290 ad
1004 4236 1130 4306 requisita
1144 4243 1249 4288 namne
1265 4251 1298 4286 co
1311 4251 1343 4286 se
1355 4251 1415 4287 coo-

310 4303 421 4360 terebat
455 4303 777 4376 rememoreramus
833 4303 1199 4380 solitumetepertumiecmm
1211 4302 1412 4376 punirem
