3084 4862
252 194 290 240 vr
452 154 453 163 '
678 177 1015 248 praemortuum

252 338 382 431 paruit,
403 358 513 426 neque
537 337 606 404 eius
627 355 706 401 cura
728 331 816 400 ultra
836 331 963 400 librum
983 334 1176 401 vicesimum
1199 346 1373 424 quartum.

253 457 425 549 processit.
470 455 531 522 llla
552 466 724 546 postrema
746 456 858 544 operis
876 477 952 545 pars
976 455 1159 520 etiamnum
1185 455 1304 522 inedito
1323 457 1359 520 in

253 576 456 644 bibliotheca
468 577 641 656 Vaticana,
662 575 786 663 partim
803 573 904 640 etiam
918 575 953 640 in
969 573 1130 654 Parieina,
1152 573 1249 656 latet&
1271 575 1360 641 unde

255 709 295 763 ut
307 699 343 764 in
356 697 465 764 lucem
478 695 756 780 eruditorumque
770 715 869 759 usum
888 691 1064 781 aliquando
1078 675 1234 781 prodeat,
1259 693 1361 782 idque

255 817 470 906 potissimum
488 836 592 902 opera
607 811 653 878 ill.
667 811 773 893 blasii,
796 814 854 901 qui
870 814 938 879 eius
952 814 1001 880 rei
1015 837 1112 902 spem
1124 813 1214 894 fecit,
1236 813 1360 878 harum

255 937 447 1002 litterarum
466 955 564 1000 causa
585 931 797 999 vehementer
827 945 996 1022 optemus.
1043 931 1142 998 Nunc
1163 932 1196 998 id
1222 955 1360 1022 operam

257 1053 424 1135 dedimus,
448 1064 487 1118 ut
500 1051 682 1141 Nicephori
701 1049 857 1133 historia,
879 1065 1043 1140 quatenus
1063 1051 1098 1118 in
1117 1049 1257 1118 editione
1272 1052 1361 1118 Pari·

258 1175 329 1239 sina
346 1184 491 1254 extaret,
518 1173 555 1238 in
576 1171 643 1238 hoc
667 1171 932 1260 Byzantinorum
967 1173 1180 1262 Scriptorum
1211 1171 1363 1260 Corpore

258 1292 299 1360 ed
317 1292 466 1359 eiusdem
491 1291 641 1360 editionis
669 1291 771 1358 fidem
802 1290 1018 1358 exhiberetur
1043 1305 1142 1380 atque
1172 1289 1271 1372 adeo,
1299 1311 1364 1354 no-

257 1433 318 1478 vae
340 1412 573 1500 recognitionis
595 1431 675 1476 cura
699 1421 866 1499 suscepta,
893 1411 1073 1478 correctior
1102 1411 1230 1497 aliquot
1257 1409 1365 1498 parti-

257 1531 321 1596 bus
343 1542 375 1596 et
400 1531 605 1600 emendatior
617 1527 776 1618 prodiret.
819 1527 858 1594 ln
872 1551 942 1617 quo
959 1551 1077 1619 genere
1106 1529 1256 1596 multum
1280 1527 1366 1594 mibi

259 1648 392 1739 profuit
418 1649 554 1736 insignis
574 1648 740 1715 variarum
757 1649 940 1716 lectionum
954 1652 1068 1739 copia,
1091 1671 1193 1739 quam
1209 1649 1366 1718 Boiviaus

260 1791 339 1836 cum
358 1769 428 1836 aliis
447 1791 465 1836 e
485 1767 667 1848 codicibus,
687 1779 762 1834 turn
775 1770 953 1860 praecipue
968 1792 986 1838 e
1002 1770 1149 1836 Parisino
1169 1773 1271 1849 2558,
1293 1770 1367 1838 exi-

260 1890 345 1955 miae
357 1887 515 1956 bonitatis
531 1887 637 1970 libro,
656 1887 785 1956 curiose
803 1900 993 1978 congestam
1008 1891 1045 1956 in
1064 1890 1270 1978 marginibus
1291 1889 1367 1956 edi·-

260 2008 454 2077 tionissuae
468 1987 591 2097 posuit
634 2005 777 2074 Adhibui
793 2021 963 2098 praeterea
977 2009 1166 2078 lectionum
1187 2011 1368 2090 varietates,

261 2149 345 2216 quas
367 2128 511 2194 ecodice
523 2125 680 2196 Vaticano
701 2127 790 2194 idern
810 2129 999 2198 amicorum
1020 2151 1121 2218 opera
1141 2129 1369 2196 describendae

262 2258 453 2329 curaverat,
474 2245 530 2314 sed
544 2268 621 2312 cum
636 2247 761 2328 serius,
783 2269 885 2334 quam
902 2248 1099 2337 oportebat,
1121 2249 1229 2316 Roma
1253 2247 1370 2316 allatae

261 2377 384 2445 essent,
413 2367 454 2434 ed
478 2364 601 2432 calcem
624 2366 708 2434 tomi
726 2367 861 2432 secundi
884 2369 972 2434 inter
991 2369 1228 2436 Annotationes
1244 2369 1369 2436 reiece-

261 2496 323 2551 rat.
365 2487 451 2554 Hinc
463 2509 515 2554 eas
527 2487 564 2552 in
583 2485 673 2554 sedes
683 2507 759 2552 suas
772 2487 923 2555 revocavi
936 2499 969 2554 et
982 2489 1011 2554 si
1026 2511 1111 2577 quae
1126 2487 1303 2554 Wollienis
1317 2486 1371 2554 le-

263 2605 429 2672 ctionibus
446 2605 600 2698 meliores
621 2607 708 2674 visae
726 2615 848 2687 essent,
867 2607 904 2672 in
925 2629 1039 2698 ipsum
1066 2606 1248 2677 verborum
1278 2595 1371 2674 ordi-

264 2747 342 2792 nem
372 2727 499 2794 admisi.
556 2725 659 2806 Quod
691 2725 752 2791 ubi
777 2725 968 2792 faciendum
991 2727 1128 2816 putavi,
1153 2739 1247 2794 vetus
1270 2727 1371 2794 lectio

263 2845 375 2933 prima
391 2844 553 2912 Wolfiani
573 2845 718 2910 nominis
732 2844 844 2912 littere
858 2846 1031 2933 diligenter
1048 2846 1188 2912 indicata
1201 2857 1261 2914 est.
1306 2847 1372 2913 Ce-

264 2974 376 3030 terum
396 2963 560 3052 quidquid
584 2963 791 3052 marginibus
811 2964 963 3032 editionis
983 2958 1148 3032 Parisinae
1165 2965 1372 3056 adscriptum

264 3081 404 3169 legitur,
432 3084 525 3170 quod
551 3105 624 3149 rem
654 3083 800 3150 criticam
828 3106 898 3150 non
921 3083 1078 3172 attingat,
1100 3083 1134 3150 id
1152 3107 1255 3174 genus
1274 3097 1372 3154 nota-

267 3223 347 3268 rum
372 3223 475 3268 omne
498 3202 776 3270 Annotationibus
811 3204 890 3294 ipsis
911 3203 1076 3288 inseram,
1106 3228 1192 3294 quae
1217 3219 1372 3276 extremo

265 3323 359 3410 operi
374 3321 626 3410 subiungantur.

350 3441 538 3510 scribebam
550 3443 699 3525 Bonnae,
722 3465 837 3511 mense
848 3445 1000 3534 Augusto
1014 3471 1042 3513 a.
1058 3451 1150 3518 1828.

674 3757 958 3777 m
