3084 4862
424 1085 953 1184 PRAEMONITUM.
1048 1101 1051 1106 “

575 1383 791 1402 Μ

146 1575 335 1717 Nicephori
360 1624 527 1714 Gregorac
545 1625 725 1692 Historiam
739 1623 974 1714 Byzantium,
996 1625 1080 1710 siro,
1102 1633 1141 1691 ut
1165 1625 1236 1714 ipse
1340 1625 1343 1635 '

143 1767 226 1811 naorc
250 1769 371 1834 gracco
394 1745 488 1828 dicit,
516 1746 721 1828 Romanam,
749 1747 880 1835 primus
905 1747 940 1811 in
960 1745 1069 1812 lucem
1092 1743 1236 1836 protulit

141 1865 364 1955 Hieronymus
383 1861 531 1930 Wolfius
549 1865 691 1931 Basileus
707 1887 794 1930 anno
810 1869 902 1936 1562.
912 1913 921 1946 ,
937 1887 1051 1952 graece
1071 1875 1104 1931 ct
1122 1863 1234 1945 latins,

139 1985 304 2050 nonnullis
321 1984 589 2051 annotationibus
599 1985 640 2052 de
655 1985 767 2051 critico
781 1985 994 2076 potissimum
1008 2005 1126 2074 genere
1138 1982 1237 2048 addi-

137 2105 185 2172 tis.
226 2105 325 2188 Quas
352 2104 451 2170 editio
481 2125 559 2170 cum
582 2125 626 2169 ex
646 2102 811 2170 codicibus
835 2105 934 2170 ducta
964 2115 1046 2170 esset
1070 2123 1237 2192 perquam

135 2223 300 2290 mendosis
328 2233 362 2289 ct
388 2223 448 2311 qui
468 2222 626 2288 undecim
652 2233 784 2288 tontum
806 2221 911 2290 libros
937 2223 1090 2312 priores,
1118 2221 1236 2303 idest,

135 2341 249 2433 paullo
264 2344 376 2409 minus
397 2363 499 2430 quom
515 2353 670 2430 quartam
687 2342 792 2408 totius
810 2343 920 2432 operis
938 2352 1070 2436 partem
1085 2338 1237 2426 complc-

132 2473 323 2542 ctcrcntur,
351 2461 466 2528 accidit
496 2473 713 2552 opportune,
740 2473 782 2528 ut
802 2461 941 2528 Ioannes
961 2461 1118 2529 Boivinus
1140 2459 1236 2524 initio

133 2581 255 2648 sacculi
273 2581 445 2672 proximi,
465 2601 588 2670 magno
605 2581 778 2670 Ducangio
801 2592 952 2663 auctore,
973 2577 1074 2644 huius
1092 2578 1237 2666 scripto·
1272 2665 1283 2676 „

132 2702 178 2767 ris
192 2701 304 2767 donno
321 2697 477 2788 vulgandi
494 2711 591 2787 atquo
606 2699 646 2766 ad
661 2700 882 2787 integritatem
897 2698 1038 2790 propius
1055 2694 1238 2762 adducendi

135 2841 252 2886 curam
270 2818 463 2908 susciperet.
504 2817 586 2886 Erat
608 2829 724 2886 autem
743 2817 794 2891 Io.
810 2817 972 2885 Boivinus
986 2819 1038 2886 vir
1056 2813 1239 2905 praestanti

135 2937 302 3023 doctrina,
323 2949 359 3006 ct
379 2937 507 3026 egregia
526 2937 712 3021 librorum,
738 2938 889 3006 maximo
908 2937 1153 3016 Parisiuorum,
1182 2957 1260 3002 cor
1297 2973 1300 2982 »

135 3059 194 3148 pia
208 3060 406 3124 instructus:
428 3077 578 3146 quorum
597 3079 665 3146 opo
685 3078 756 3124 non
777 3056 891 3124 solum
911 3080 966 3138 ca,
989 3077 1074 3145 quas
1088 3053 1238 3121 Wolfius
1295 3099 1297 3106 ,

136 3177 255 3244 mutila
269 3189 303 3244 ct
318 3176 474 3244 lacunosa
489 3175 606 3254 habet,
626 3195 712 3263 quac
725 3197 803 3242 sanc
821 3176 1108 3249 innumerarum,
1128 3169 1238 3238 felici-

134 3307 191 3364 aar
208 3296 382 3387 supplevit
401 3308 436 3364 ct
457 3295 519 3362 alia
535 3294 625 3362 hand
644 3317 749 3385 pauca
765 3294 982 3362 librariorum
1001 3293 1078 3360 vitia
1093 3289 1237 3370 sustulit,

135 3435 254 3484 verum
273 3417 376 3483 ctiam
398 3415 501 3483 altaro
521 3426 616 3482 tanto
639 3415 767 3482 maiora
786 3415 956 3482 librorum
976 3432 1120 3478 numero
1138 3409 1238 3477 Nice-

134 3533 240 3622 phori
253 3557 343 3626 opus
357 3534 583 3626 locupletavit.
619 3534 747 3601 Prodiit
761 3534 830 3600 cius
844 3532 942 3600 editio
958 3529 1086 3598 Parisiis
1098 3552 1116 3596 s
1132 3539 1239 3618 typo-

135 3653 275 3745 graphia
289 3655 378 3743 regia
396 3677 482 3721 anno
500 3661 609 3736 1702,
627 3655 730 3719 tomis
744 3651 891 3736 duobus,
913 3673 1062 3740 quorum
1078 3648 1175 3739 prior
1193 3645 1238 3712 li-

135 3770 216 3840 bros
230 3773 388 3842 undecim
400 3799 419 3842 a
431 3771 563 3840 Wolfio
575 3773 728 3862 vulgatos
741 3771 901 3853 continet,
922 3769 1006 3836 alter
1017 3768 1156 3835 ineditos
1168 3777 1240 3832 trc-

135 3891 261 3974 docim,
282 3915 369 3982 quos
383 3895 453 3984 ipsc
465 3917 483 3960 c
494 3893 589 3960 MSS.
603 3893 699 3960 erasit.
718 3959 721 3964 ,
735 3891 826 3960 Idem
840 3887 1010 3980 pollicitus
1024 3898 1083 3969 est,
1103 3908 1138 3952 se
1152 3905 1238 3972 qua·

134 4013 325 4080 tuordocim
349 4013 496 4100 reliquos
523 4011 628 4078 libros
659 4031 829 4078 unacum
853 4008 1033 4074 Variorum
1058 4001 1237 4093 opusculis,

136 4151 224 4217 quac
240 4131 284 4200 ad
299 4131 475 4200 historiam
491 4153 565 4199 cam
580 4129 813 4196 illustrandam
832 4127 996 4208 facerent,
1017 4123 1148 4190 duobus
1168 4119 1239 4186 aliis

135 4251 239 4318 tomis
254 4251 534 4343 comprehensos,
555 4251 734 4321 editurum.
778 4247 843 4318 Sed
856 4247 1063 4340 promissum
1083 4262 1154 4308 non
1176 4261 1241 4328 ap-
