3084 4862
289 278 352 328 ¹ss
723 265 780 335 10.
798 267 965 338 BOlVlNl

289 435 370 490 tatae
384 435 471 502 sunit
493 428 634 508 quoniam
644 445 750 488 sorum
767 427 932 503 librorum,
954 427 1061 508 quibus
1074 440 1195 494 eoustat
1207 431 1259 494 bie
1268 435 1387 516 Tamus,

289 534 413 594 unicum
424 533 578 616 exemplar
588 530 785 614 possedimus.
805 532 937 594 Unicum
949 531 1035 594 dieo:
1048 553 1120 596 uam
1131 533 1276 599 Vaticana
1290 559 1389 600 exem-

289 635 388 716 plaria
408 654 466 694 nee
486 653 577 717 penes
599 655 656 696 uos
669 636 813 716 suerum,
834 653 892 722 nee
913 653 971 715 pro
986 635 1113 698 diversit
1126 637 1295 719 reputanda
1308 647 1389 714 sunt,

291 758 362 798 erun
385 747 488 798 nostre
510 759 549 799 ex
572 739 608 800 iis
628 737 780 820 descripta
799 736 871 800 sint.
914 735 997 813 Quas
1016 747 1172 802 sutemen
1192 739 1231 800 iis
1248 740 1392 802 leetiouee

290 861 309 898 a
323 837 398 900 uiris
419 839 518 901 doctis
532 841 736 924 suppeditatas
746 838 921 917 habuimus,
943 859 1009 919 eas,
1029 851 1065 904 ut
1076 861 1179 904 veram
1192 851 1223 903 et
1235 842 1393 921 genuinam

290 943 481 1024 scripturam,
501 963 565 1004 uon
578 943 612 1004 iu
626 942 784 1024 margines,
796 943 850 1005 sed
862 941 896 1004 iu
908 944 1036 1006 medinm
1050 943 1190 1026 pagiuam
1202 956 1233 1008 et
1246 945 1280 1005 in
1293 945 1394 1026 ipsunt

291 1039 343 1131 (ut
365 1041 464 1130 aiunt)
487 1055 663 1108 contextum
673 1047 899 1124 transtulimus,
920 1045 1056 1127 exeeptis
1077 1043 1132 1125 iis,
1153 1066 1228 1128 quas
1245 1048 1282 1108 sb
1296 1047 1395 1108 amico

291 1147 446 1210 earimimo
466 1149 621 1210 Ludovieo
641 1148 754 1211 Tarnio
777 1168 877 1234 nuper
899 1147 1003 1210 allatas
1028 1147 1070 1210 ad
1094 1148 1209 1212 osleem
1239 1151 1327 1212 Tomi
1344 1169 1397 1212 se-

291 1249 388 1311 cundi
405 1249 439 1312 in
457 1252 548 1313 Notas
562 1253 732 1316 retulimus.

376 1353 525 1434 Equidem
538 1353 679 1418 hocloco
694 1365 862 1438 temperare
873 1353 948 1418 milri
961 1373 1024 1415 uon
1037 1373 1162 1436 possum
1166 1399 1177 1432 ,
1198 1355 1276 1437 quin
1290 1361 1322 1414 et
1333 1371 1401 1414 ursa

293 1464 325 1517 et
336 1455 502 1538 Nicephori
516 1459 666 1538 Gregorae
679 1479 768 1520 eausa
781 1457 914 1534 doleam,
936 1457 1019 1538 quod
1033 1477 1104 1518 oum
1116 1455 1167 1518 bie
1181 1477 1238 1540 per
1250 1475 1309 1517 nos
1324 1475 1403 1537 pos·

293 1567 342 1618 set
359 1579 422 1620 uon
443 1559 534 1620 modo
553 1561 689 1641 integer,
709 1560 764 1622 aed
777 1559 866 1620 etiam
876 1567 975 1620 tersus
989 1567 1021 1620 et
1036 1559 1171 1638 limatus,
1192 1559 1225 1620 in
1239 1558 1404 1641 publicum

294 1661 408 1739 emitti,
429 1661 511 1722 idem
530 1671 632 1724 tamen
650 1663 789 1746 pluribus
806 1663 932 1724 tortasse
943 1663 1070 1724 maculis
1081 1682 1234 1744 respersus
1247 1660 1405 1721 aedefor-

293 1763 353 1825 mis
367 1764 466 1826 lucem
479 1764 601 1828 demum
611 1767 748 1848 aspiciat.
775 1764 856 1826 Fieri
870 1763 950 1826 enim
962 1763 1045 1826 haud
1057 1764 1168 1846 potuit,
1188 1774 1224 1824 ut
1239 1785 1307 1826 non
1320 1762 1406 1822 mul-

292 1875 324 1926 ts
345 1865 379 1925 iu
398 1868 571 1950 apographo
592 1868 820 1930 mendosissime
840 1867 946 1928 oeulos
964 1887 1048 1928 meos
1070 1865 1221 1946 fugerint,
1245 1877 1278 1927 et
1297 1865 1408 1926 incor-

292 1977 377 2029 recta
395 1971 604 2036 remanserint.
645 1973 768 2034 Poterat
790 1979 891 2030 autem
910 1967 963 2030 hio
975 1970 1108 2052 scriptor
1123 1969 1213 2048 longe
1229 1964 1409 2045 castigatior

213 2056 217 2076 ⁸
292 2069 390 2131 daris
406 2070 511 2150 uob'is,
532 2073 649 2155 siquae
671 2073 704 2136 in
714 2072 826 2156 pluteis
842 2071 995 2135 Vaticanis
1009 2082 1113 2134 vetera
1128 2079 1234 2131 extant
1246 2067 1410 2148 exempla-

291 2173 355 2251 ria,
377 2192 411 2234 ea
429 2193 522 2254 penes
544 2196 602 2236 nos
623 2177 762 2240 luissent.
805 2176 865 2236 Sed
886 2175 1028 2238 nimirum
1047 2173 1103 2236 uni
1121 2193 1185 2233 non
1207 2171 1313 2232 omnia
1336 2170 1411 2230 data

157 2346 162 2365 ,
292 2284 373 2336 sunt.
416 2275 509 2350 Quod
528 2288 629 2340 autern
649 2281 746 2340 faeere
765 2298 819 2357 ego
834 2297 898 2338 non
912 2279 1017 2360 potui,
1037 2277 1072 2338 id
1088 2275 1241 2359 quondam
1269 2274 1410 2348 fortasse,

291 2374 320 2436 si
331 2378 410 2440 tanti
427 2399 475 2440 res
497 2400 563 2441 esse
577 2380 746 2461 videbitur,
767 2381 885 2442 felicior
900 2381 1022 2441 ulterius
1040 2378 1189 2440 industria
1205 2373 1390 2456 praestabit.

375 2480 426 2543 Ad
446 2482 582 2544 Latinam
602 2483 882 2565 interpretationem
903 2493 1040 2544 nostrum
1059 2481 1143 2564 quod
1165 2479 1275 2540 attinet
1292 2531 1305 2551 ,,
1329 2475 1412 2537 seri·

290 2583 388 2666 ptoris
406 2585 514 2648 Graeci
525 2595 658 2648 mentem
677 2586 704 2647 si
722 2607 772 2648 me
786 2585 899 2666 ubique
920 2594 1118 2665 assequuturn
1130 2583 1224 2645 fuisse
1244 2583 1415 2657 affirmem,

292 2707 435 2766 arrogans
451 2689 526 2750 sim:
547 2690 724 2772 praesertim
744 2709 815 2750 cum
829 2709 887 2750 uec
899 2687 1011 2748 Wolfio
1026 2686 1096 2768 ipsi,
1116 2694 1267 2748 veterano
1283 2693 1317 2745 et
1331 2703 1420 2744 erne-

292 2788 355 2850 rito
369 2791 546 2872 interpreti,
566 2794 600 2852 id
617 2790 786 2873 contigerit.
828 2791 988 2852 Possumus
1006 2809 1078 2851 vero
1092 2796 1216 2867 uterque
1229 2784 1299 2846 bae
1316 2785 1420 2848 ratio·

294 2909 335 2952 ne
359 2911 417 2952 nus
437 2893 617 2973 defendere,
633 2896 719 2974 quod
738 2891 793 2972 qui
812 2891 894 2952 viam
916 2891 1031 2952 nullius
1052 2910 1156 2970 gressu
1175 2890 1284 2950 tritam
1309 2889 1419 2968 ingre·

293 2991 415 3070 distur,
437 2994 466 3054 ei
477 2995 692 3058 difficillimum
709 2997 751 3056 sit
770 3015 833 3054 non
846 2994 922 3070 labi3
944 2994 1119 3075 praesertim
1141 2992 1168 3052 si
1181 3013 1215 3050 ea
1232 2990 1363 3052 lubrica
1377 2989 1420 3050 sit

295 3104 327 3158 et
342 3097 518 3176 confragosa
533 3108 563 3159 et
577 3097 700 3158 salebris
715 3099 822 3179 plena,
843 3077 945 3178 qufles
964 3097 1076 3178 passim
1096 3095 1200 3155 obiicit
1212 3092 1419 3174 Nicephorus
1485 3085 1489 3097 ’

294 3209 413 3278 noster3
435 3200 489 3279 qui
505 3199 621 3280 quoties
635 3200 756 3278 evagari
768 3199 859 3262 libuit
879 3200 966 3278 (libet
982 3207 1082 3259 autem
1101 3197 1192 3258 nimis
1214 3192 1325 3280 saepe)
1348 3204 1419 3254 tum

295 3300 417 3362 demum
442 3301 588 3362 disertum
606 3322 639 3362 se
653 3311 684 3364 et
698 3304 860 3383 elegantem
884 3301 999 3372 credit,
1022 3321 1091 3360 cum
1115 3299 1299 3360 seutentiam
1326 3317 1421 3360 suam

294 3404 459 3467 verborum
482 3402 653 3484 ambegibus
669 3425 761 3486 quam
788 3404 920 3466 maxime
935 3402 1090 3486 perplexis
1109 3400 1270 3463 involvere
1297 3399 1420 3480 potuit.

380 3505 469 3566 Tomi
479 3505 574 3590 primi
587 3507 712 3589 singulis
725 3505 860 3589 paginis,
881 3506 1024 3588 quonism
1039 3516 1209 3584 temporum
1223 3503 1306 3563 ratio
1321 3499 1362 3562 in
1382 3521 1422 3561 ea

289 3605 439 3670 historiae
457 3619 545 3692 parte
565 3631 630 3671 nou
651 3608 724 3672 satis
743 3619 827 3670 certa
848 3629 912 3672 esse
930 3608 1103 3684 videbatur,
1125 3625 1239 3666 annum
1258 3601 1422 3687 praeseri-

294 3709 367 3772 bere
379 3733 444 3774 nou
467 3697 657 3796 potuisisirsr'
673 3713 777 3792 ltaque
787 3711 855 3772 illie
867 3731 925 3792 pro
941 3713 1028 3774 annis
1041 3709 1185 3792 Imperia,
1206 3728 1261 3769 seu
1272 3727 1422 3788 regnan-

293 3811 372 3874 tium
386 3814 603 3897 Imperatorum
616 3815 755 3894 nomina,
775 3814 970 3896 pusitsauut.
1011 3815 1154 3876 lnTomu
1174 3810 1332 3888 seeundo,
1356 3829 1422 3868 an·
1536 3811 1537 3818 ’

295 3916 467 4000 nosipsos,
487 3919 629 4000 quoniam
644 3919 682 3981 de
701 3919 741 3980 iis
756 3917 928 3995 constabat,
950 3917 1164 4000 apposuimus3
1185 3915 1423 3994 Imperatorum
1510 3987 1513 3994 Α

298 4030 400 4084 sutem
414 4022 537 4084 nomina
550 4023 711 4084 omisimus.
754 4021 876 4103 Quippe
888 4041 960 4082 cuns
979 4042 1035 4102 per
1053 4039 1148 4080 annos
1174 4017 1278 4078 decem
1300 4033 1423 4096 perps-

296 4131 387 4202 tuos,
412 4143 489 4206 quos
502 4126 637 4190 mutiunt
649 4125 702 4186 hic
713 4124 843 4206 lomus,
863 4132 996 4208 potestas
1008 4120 1204 4207 Imperatoris
1220 4137 1321 4204 penes
1338 4117 1426 4177 duos

297 4223 454 4311 Principes
467 4229 569 4308 tuerit,
582 4227 791 4310 Polaeologum
803 4236 835 4291 et
847 4227 1101 4305 Cantseunenum,
1115 4223 1225 4290 inutile
1234 4239 1309 4286 eaeo
1322 4218 1429 4283 duxi·
