3084 4862
322 283 402 330 mr
554 267 789 338 NICEPHOlll
811 267 1050 338 GREGORAE
1073 269 1189 337 VITA.

323 438 354 490 et
370 427 532 504 niardus,
553 425 605 488 hic
628 425 787 507 spiscopus
808 423 1019 488 chersonensis
1035 423 1077 506 ¹),
1096 427 1150 488 ille
1165 427 1292 506 Bospori
1313 423 1342 508 ²)
1367 447 1419 488 on·

323 513 548 594 chiepiscopus,
567 533 585 572 o
600 513 679 593 Papa
696 513 805 572 loanne
815 533 895 574 xxn.
911 512 999 591 legati
1011 513 1191 591 Byzantium
1202 522 1360 588 venerunt,
1381 513 1419 575 ds

321 601 409 662 rebus
425 598 625 660 controversis
639 598 844 678 disceptaturi.
886 599 1009 658 Ioannes
1024 599 1142 658 Calecas
1153 596 1342 678 patriarcha,
1366 599 1419 677 qui

322 685 449 766 nocipse
457 681 718 764 linguamnicsndi
731 703 787 744 usu
798 685 991 744 exercitatum
1003 683 1140 760 habebat,
1165 693 1195 744 et
1219 704 1289 744 suos
1297 684 1420 763 episco-

321 792 379 854 pus
402 771 561 830 maximam
579 779 695 850 portem
719 769 941 830 indoctissimus
959 789 1021 829 esse
1043 763 1195 844 cernebat,
1217 767 1420 850 Nicephorum

323 857 498 936 Gregoram,
526 856 638 915 laicum
660 855 794 936 quidem,
816 855 868 914 aed
889 855 1037 919 eruditum
1052 864 1082 914 et
1103 855 1240 936 inprimis
1262 856 1418 931 disertum,

319 941 403 1001 illico
420 941 597 1018 advocavit,
620 950 650 999 et
667 941 703 1000 ad
717 941 879 1000 ineundum
903 961 971 1012 cum
984 940 1098 1000 Latinis
1116 949 1265 1000 certamen
1279 937 1419 999 hortatus

319 1035 372 1088 est.
415 1027 473 1086 Hic
487 1026 575 1088 initio
595 1027 747 1084 silentium
762 1025 920 1086 suadebat:
942 1047 1013 1086 mox
1035 1027 1152 1086 suturas
1175 1027 1245 1086 inde
1268 1026 1420 1106 suspicio-

318 1133 372 1173 nes
398 1123 427 1171 st
446 1112 549 1191 iniqua
568 1110 724 1170 hominum
743 1111 855 1171 iudicia
876 1112 1023 1173 reveritus
1045 1113 1173 1192 amplius
1194 1110 1420 1171 deliberandum

319 1197 437 1258 censuit
445 1246 456 1276 ‚
479 1219 515 1256 ac
529 1217 619 1277 super
636 1219 670 1256 eo
684 1197 802 1276 negotio
815 1197 915 1256 habito
929 1217 1029 1258 coram
1041 1197 1157 1258 selectis
1174 1197 1321 1279 episeopis
1337 1193 1420 1277 apud

238 1309 243 1318 ·
317 1281 518 1364 patriarcham
531 1284 618 1361 longa
633 1284 784 1359 oratione,
806 1284 980 1342 sententiam
999 1303 1082 1344 suam
1099 1283 1178 1342 hanc
1195 1303 1257 1343 esse
1280 1282 1422 1342 declara-

317 1369 378 1428 vit:
395 1369 493 1450 primo
509 1389 571 1428 non
585 1367 681 1428 cuivis
697 1368 930 1450 permittendum
945 1369 1097 1450 disputare
1113 1389 1181 1427 cum
1192 1369 1289 1428 Italis:
1312 1365 1422 1427 deinde

316 1473 441 1534 neopum
458 1454 586 1534 aliquem
606 1453 803 1534 disputationi
819 1455 1065 1534 proponendum:
1087 1463 1153 1512 tum
1175 1451 1423 1513 constituendum

318 1559 381 1598 esse
394 1539 540 1614 iudicem;
563 1538 596 1596 id
609 1561 680 1598 vero
696 1559 803 1598 munus
819 1538 855 1597 ad
872 1539 1000 1600 Graecos
1017 1540 1183 1620 pertinere:
1206 1539 1277 1598 fidei
1298 1547 1423 1597 contro-

317 1625 428 1683 versias
452 1623 589 1683 omnibns
612 1625 754 1683 ecclesiae
778 1626 964 1704 praesulibus
987 1625 1160 1684 convocatis
1182 1633 1320 1704 oportere
1341 1621 1422 1682 defi-

316 1709 394 1768 niri:
413 1709 634 1790 syllogismum,
659 1731 715 1790 qua
738 1711 964 1788 argumentandi
984 1711 1100 1770 ratione
1121 1711 1285 1790 plurimum
1308 1707 1377 1767 ltali
1390 1705 1421 1790 ³)

316 1795 468 1870 valerent,
498 1793 550 1852 ubi
574 1795 610 1853 dc
626 1795 686 1853 Deo
715 1795 932 1875 disputaretur,
960 1795 1061 1854 locum
1084 1794 1206 1858 minime
1223 1795 1347 1854 habere:
1381 1813 1422 1853 ne

316 1880 381 1960 ipss
397 1879 517 1960 quidem
535 1881 656 1940 Petrum
682 1882 851 1942 testimonia
872 1878 1062 1965 accipienda,
1084 1880 1143 1940 nisi
1166 1901 1239 1960 quae
1260 1877 1422 1962 perspicua

317 1973 428 2024 essent:
451 1965 578 2044 denique
591 1966 826 2045 disputationem
842 1987 958 2026 omnem
973 1965 1064 2026 hodie
1080 1986 1347 2046 supervacaneam
1370 1985 1423 2024 eas

317 2050 502 2130 quaestiones
514 2051 691 2132 iampridem
712 2052 852 2130 agitatas:
882 2051 1004 2111 delinita
1026 2052 1062 2110 ab
1090 2052 1222 2132 antiquis
1245 2049 1423 2110 doctoribus

316 2157 378 2195 non
393 2155 455 2194 esse
468 2136 501 2195 in
516 2135 641 2194 dubium
656 2138 834 2213 revocanda,
856 2157 912 2196 nec
925 2139 1015 2196 licere
1029 2135 1061 2195 in
1076 2137 1165 2196 rebus
1184 2136 1294 2196 divinis
1307 2146 1424 2195 temere

314 2221 500 2282 ratiocinari.
548 2219 631 2285 Haec
655 2231 683 2280 et
702 2223 778 2300 alia,
801 2223 904 2282 eodem
923 2223 991 2280 fere⁴
1012 2224 1195 2302 spectantia,
1224 2243 1294 2282 cum
1320 2220 1424 2280 dixis-

314 2316 382 2384 set,
419 2305 500 2366 visus
531 2318 576 2368 est
608 2307 806 2368 eruditiorum
829 2307 1039 2388 episcoporum
1073 2307 1210 2388 opinioni
1247 2325 1424 2384 congruen-

313 2391 356 2450 tia
380 2390 506 2468 dixisse,
537 2413 605 2454 cum
633 2393 777 2467 aliorum,
805 2403 872 2453 tum
894 2393 1024 2452 rrraxime
1045 2391 1257 2473 Dyrrhachini.
1301 2393 1424 2452 Horum

314 2477 523 2536 auctoritatem
564 2477 690 2556 caeteri,
725 2478 777 2558 qui
812 2479 981 2558 eloquentia
1014 2477 1113 2538 minus
1144 2478 1298 2555 volebant,
1335 2479 1424 2538 omni

315 2563 515 2622 contentionis
534 2565 633 2626 studio
659 2565 792 2643 alsiecto,
820 2564 938 2644 sequuti
966 2574 1046 2626 sunt.
1089 2565 1134 2622 Ito
1155 2564 1260 2622 Gracci
1284 2560 1423 2622 oblatum

313 2667 330 2706 a
343 2647 455 2707 Latinis
470 2658 619 2710 certarnen
634 2651 823 2710 declinarunt
835 2649 874 2727 ⁴).
898 2651 1008 2708 Tamen
1024 2649 1196 2710 Barlaamus
1212 2671 1268 2730 pro
1286 2649 1424 2707 Graeco-

311 2753 377 2792 rum
394 2733 530 2814 dogmate
541 2735 717 2798 multatum
732 2736 852 2818 scripsit
867 2731 894 2816 ⁶)
912 2731 1054 2798 adversus
1063 2736 1187 2798 Romani
1200 2733 1354 2817 pontilicis
1369 2733 1427 2794 le-'

349 2953 448 3026 1),an
504 2952 682 3006 Csrsonsnsis.
716 3003 721 3012 ,
757 2954 789 3021 3)
806 2954 892 3022 Vulgo
905 2953 1071 3024 Vosprensis.
1105 2954 1173 3008 Vide
1193 2956 1327 3025 epistolam
1342 2953 1423 3008 loan-

382 3022 423 3075 nis
465 3021 525 3076 ΧΠ.
545 3023 579 3076 ad
598 3023 665 3074 hunc
679 3023 917 3093 archiepiscopum,
935 3024 1020 3077 datam
1039 3023 1170 3077 Arenione
1184 3027 1214 3078 3
1231 3019 1262 3078 (1.
1281 3025 1356 3080 1333.
1382 3041 1423 3077 vr.

381 3092 451 3146 Non.
462 3093 509 3146 lul.
535 3093 602 3144 Vide
610 3100 637 3145 et
645 3092 785 3146 odoricum
795 3093 957 3162 Rnynnldmn
971 3093 1005 3146 od
1018 3111 1077 3146 auu.
1091 3095 1167 3150 1333.
1183 3109 1251 3147 unm.
1265 3096 1306 3149 17.
1322 3097 1424 3152 18.19.

381 3161 443 3216 item
457 3161 492 3216 sd
507 3179 601 3219 annum
616 3159 691 3218 1334.
710 3179 778 3216 num.
792 3159 819 3214 4.
830 3165 857 3218 5.
925 3165 957 3232 3)
975 3163 1071 3216 Graeci
1088 3163 1194 3218 Latinos
1208 3164 1342 3232 theologos
1355 3181 1423 3232 pss-

384 3230 432 3284 sim
447 3235 537 3284 notam
558 3231 740 3295 strauisset,
759 3237 787 3284 ut
800 3229 941 3302 syllogismi
961 3232 1063 3286 nimium
1082 3231 1219 3286 studiosos.
1255 3234 1423 3288 cantarnac-

382 3317 430 3352 nus
451 3299 478 3351 ln
502 3299 676 3353 Antirrhetico
694 3305 784 3354 contra
803 3301 960 3354 Prochorurn
985 3299 1127 3371 Cydoniam
1156 3303 1234 3372 (cod.
1260 3319 1316 3374 reg.
1339 3303 1423 3356 1999.

382 3385 444 3438 pag.
462 3366 520 3437 41.)
539 3372 565 3424 el
579 3371 596 3424 3
602 3369 609 3392 ’
626 3367 678 3425 osis
699 3367 824 3440 αὐτάρκη
842 3373 1060 3434 sobam-suros
1077 3370 1165 3426 mullei
1180 3373 1210 3439 γέ
1226 3370 1295 3428 ὄντα
1312 3371 1359 3424 sat
1371 3370 1423 3435 pb·

382 3455 478 3525 prosp,
489 3439 543 3524 ,καὶ
556 3440 697 3527 soti'srood
709 3443 839 3506 Λατίνοις
853 3437 1023 3530 deductibus
1042 3444 1139 3528 Θωμᾷ,
1155 3438 1338 3530 uvttoysupiy
1350 3443 1423 3526 uel}-

382 3506 1423 3654 btbtlbtt{vttibtbttffttt“trittttti⁰ttlt...”tttttt”t

381 3647 429 3702 sol
441 3650 532 3702 ταῦτα
544 3650 674 3718 καθάπερ
686 3650 792 3714 πλάκας
803 3649 872 3720 ἔχων
881 3649 1085 3716 ducentorum.
1108 3651 1208 3704 idest:
1224 3651 1292 3720 pund
1305 3653 1331 3702 si
1343 3651 1422 3712 hacc,

384 3720 445 3772 lieet
456 3721 539 3771 multu
552 3729 578 3772 ct
591 3723 718 3787 murima,
735 3723 946 3788 nonsrsfflcirnatr
962 3721 1044 3789 ipsius
1060 3739 1160 3790 propere
1175 3721 1304 3783 'mamam
1324 3719 1423 3774 nactast

383 3787 512 3850 doctoris,
531 3791 576 3856 pri
591 3793 768 3860 syllogismum
787 3792 873 3860 mugio
893 3807 970 3858 muns
990 3793 1075 3843 adrem
1093 3791 1227 3858 spirabat,
1244 3789 1424 3842 testimonium

383 3858 432 3908 tibi
449 3857 632 3911 exhibebimus:
651 3863 691 3912 ossi
703 3869 733 3913 tu
746 3867 814 3912 certe
823 3877 972 3928 repngswrs
985 3876 1037 3910 non
1051 3861 1140 3922 debes,
1158 3877 1214 3912 csm
1229 3867 1255 3911 ct
1267 3856 1423 3910 turm-sm·-

381 3926 436 3993 prb
444 3927 724 3997 delecterisicteupto
737 3929 959 3982 inviolabilibusls
1033 3929 1239 3982 bobulislmbaus.
1285 3925 1317 3994 4)
1334 3927 1423 3978 Bsov.

383 3993 418 4046 ad
433 4011 492 4046 anu.
510 3998 668 4053 tustinum.
693 4001 714 4052 1.
740 4000 793 4050 Leo
806 3995 882 4050 attat,
908 3997 948 4048 De
985 3995 1061 4049 celas.
1074 3997 1165 4052 Oscid.
1181 4003 1209 4050 et
1222 3996 1325 4050 Orient.
1341 4011 1421 4064 perp.

274 4061 282 4086 ⁸
383 4079 453 4116 cons.
472 4063 519 4116 col.
542 4070 603 4120 800.
639 4087 642 4094 ·
673 4069 703 4134 5)
727 4067 868 4120 Cmtocua.
886 4065 956 4120 llist.
973 4065 1018 4118 lib.
1046 4081 1076 4118 n.
1099 4085 1124 4118 c.
1140 4067 1183 4120 39.
1206 4065 1315 4118 Odoric.
1331 4065 1422 4131 Rsyn.

382 4129 416 4182 ad
437 4133 467 4186 Α.
490 4133 523 4186 C.
554 4137 613 4192 133.
639 4151 707 4189 nun.
728 4137 771 4191 18.
815 4133 884 4186 Vide
904 4140 932 4187 et
958 4133 1091 4204 epistolam
1115 4134 1244 4190 Bsrhuni
1269 4135 1303 4186 ad
1324 4131 1425 4186 Deme

381 4199 459 4254 trium
488 4202 758 4269 meamea,
787 4219 854 4274 utrae
882 4209 955 4258 extat
981 4203 1050 4274 apud
1069 4203 1151 4260 Boos.
1187 4203 1221 4258 sd
1255 4219 1315 4257 aun.
1339 4201 1423 4258 1333.

383 4283 451 4326 nun.
468 4285 506 4326 ¹10
