3084 4862
362 183 602 255 arcanam
624 181 863 256 aureonno
886 187 1003 257 vua.
1127 202 1233 254 mn

47 363 55 371 ·
131 345 269 426 ἐπίτομος
284 342 360 408 auid
380 341 414 410 ai
435 339 562 410 δυνατὸν
582 337 718 426 διήγησις
730 349 785 426 τῆς
801 345 851 410 ἐπὶ
869 351 927 410 τοῦ
937 349 1082 414 natoriae
1094 344 1225 418 tedam

130 437 181 495 τοῦ
196 429 345 514 βασιλέως
354 430 516 532 γενομένης
527 429 683 506 διαλέξεοος
695 435 751 494 τοῦ
765 429 798 494 ἒν
813 431 910 514 tylon
921 431 1034 518 πατρδς
1046 433 1134 516 ἡμῶν
1151 443 1227 521 Γρη.

128 519 231 600 pugion
253 519 490 598 ἀρχιεπισκοπον
505 516 723 597 Θεσσαλονίκης
743 513 796 578 nat
810 523 949 603 Γρηγορᾶ
972 523 1025 583 τοῦ
1045 516 1225 604 φιλοσόφου.

128 603 230 680 idest,
253 607 396 662 narratio
416 624 511 682 quam
531 605 660 660 maxime
681 601 909 680 compendiaria
931 603 1153 684 disputationis
1174 610 1226 667 in·

129 699 172 748 ter
190 699 334 746 carectum
347 691 473 748 Patrem
494 699 634 747 nootrnm
655 689 834 768 Gregoriam
858 690 1120 772 archiepiscopum
1140 693 1238 764 tter„

127 775 343 834 ealonicenoem
366 785 394 832 et
419 775 587 854 Gregoram
606 772 828 854 Philosophum
849 779 881 835 in
899 777 1021 858 palatio
1048 800 1151 837 coram
1167 778 1227 838 Im·

123 872 265 941 peratore
296 860 437 920 habitae:
466 861 558 940 eaque
577 859 710 920 narratio
733 859 905 939 dogmaticis
926 863 1060 922 Palamae
1086 865 1228 945 operibus

128 946 262 1027 praefixa
296 957 355 1016 eet,
401 947 428 1006 le
447 957 545 1006 autem
565 945 618 1026 qui
639 967 701 1006 cem
732 947 829 1006 texuit
860 948 1022 1027 Gregoram
1044 949 1226 1028 argumentis

128 1033 265 1092 futilibus
285 1041 316 1091 et
328 1053 462 1092 sermone
479 1031 662 1092 inconcinno
671 1055 680 1110 5
702 1031 851 1092 Pelamam
865 1055 936 1110 nero
949 1055 1012 1094 non
1030 1035 1182 1096 rationum
1193 1034 1227 1095 vi

127 1119 222 1178 eolum
231 1164 243 1196 ,
267 1117 321 1177 sed
339 1127 368 1176 et
388 1117 487 1176 verbis
503 1117 683 1196 elegantibus
702 1138 764 1177 eeee
777 1119 985 1178 defendentem
1003 1120 1132 1180 inducit.
1166 1121 1225 1180 lle-

127 1206 216 1284 uique
230 1201 396 1263 Mediolani
418 1203 449 1284 in
468 1202 654 1264 Bibliotheca
673 1201 866 1264 Ambroeiena
891 1205 1009 1265 libellue
1026 1201 1051 1288 ¹)
1075 1213 1156 1265 extat
1176 1206 1226 1265 in-

127 1290 268 1370 ecriptue,
290 1288 360 1370 napi
374 1293 428 1369 τῆς
437 1291 492 1352 τοῦ
502 1293 640 1373 Γρηγορᾶ
650 1290 879 1372 ψευδογραφίας
890 1289 966 1372 iperi
977 1289 1028 1352 nal
1042 1291 1226 1374 δυσσεβείας,

126 1372 160 1432 de
179 1377 339 1454 Gregorae
350 1378 474 1456 ocripnie
489 1373 695 1452 mendacibuo,
710 1386 738 1432 et
752 1374 788 1432 de
805 1375 937 1434 einedem
949 1379 1121 1456 impietate:
1138 1396 1226 1456 quem

126 1461 176 1540 qui
188 1459 375 1540 composuit,
397 1461 422 1520 ie
435 1461 468 1520 in
485 1461 552 1542 ipeo
576 1461 700 1521 exordio
718 1459 880 1539 eigniiicat‚
904 1461 1071 1542 oppugnari
1088 1483 1105 1520 a
1122 1481 1153 1521 ee
1166 1458 1225 1542 τήν

125 1550 176 1626 τῆς
197 1543 356 1622 dictitans
380 1541 536 1630 διήγησιν,
559 1545 668 1624 idest,
689 1549 896 1606 narrationem
911 1545 1143 1628 disputationis.
1186 1547 1227 1605 Hi

125 1642 192 1690 eunt
211 1631 354 1692 nimirum
369 1632 430 1709 illi,
452 1633 759 1714 quoeCantacuzenue
773 1633 921 1712 Gregoree
943 1633 1102 1714 opposuit,
1123 1631 1227 1692 frivoli

127 1727 203 1776 certe
230 1727 261 1776 et
283 1717 374 1797 parvi
396 1717 663 1798 ponderielibelli3
692 1728 728 1778 ut
749 1739 812 1778 non
832 1719 982 1778 immerito
1004 1739 1054 1825 cop
1079 1717 1228 1798 Gregoree

126 1797 249 1884 λογάρια
264 1813 355 1862 vocet
370 1800 408 1886 ²),
432 1812 461 1863 et
472 1799 694 1886 α’μβλωθρίδια,
718 1801 797 1886 ὁμοῦ
809 1808 853 1890 τῷ
865 1802 1004 1886 πληγέντι
1023 1802 1089 1886 aiga
1102 1799 1180 1888 πρός
1192 1798 1227 1866 td

127 1880 241 1966 α’φανὲς
257 1881 406 1966 ἐπιόντα,
418 1890 560 1968 fabellae
573 1890 689 1950 ecilicet
704 1901 731 1950 et
744 1891 822 1951 vilia
836 1889 988 1971 quaedam
1002 1890 1138 1966 embrya,
1155 1911 1228 1968 per·

126 1993 210 2034 aueo
230 1981 300 2034 atre
317 1977 424 2034 rtatim
447 1979 662 2040 evanescentia.

205 2059 410 2122 Nihilominus
423 2061 502 2122 idem
517 2061 571 2142 qui
584 2084 635 2122 eoa
648 2061 768 2122 libellos
783 2062 959 2142 vulgaverat
973 2058 1136 2141 Ioaeaplrue
1152 2059 1228 2116 Cen·

127 2153 304 2223 tacuzenue,
327 2146 428 2227 elapso
450 2147 521 2208 inde
544 2169 624 2208 anno
647 2148 763 2226 integro
790 2155 820 2208 et
839 2147 980 2222 dimidio,
1003 2145 1057 2206 ubi
1078 2165 1144 2226 epee
1160 2163 1228 2204 suae

127 2229 189 2310 ipeo
211 2241 325 2292 eventu
339 2233 457 2292 delueae
471 2233 565 2313 vidit,
588 2235 750 2316 Gregoram
767 2254 888 2294 rursum
906 2232 1034 2313 experiri
1053 2230 1175 2308 statuit,
1197 2237 1228 2290 et

125 2317 301 2396 peramicoe
318 2317 440 2378 domum
460 2319 602 2380 invitavit
620 2315 658 2400 ³).
690 2319 837 2398 Gregorae
857 2317 1004 2378 amicitiae
1017 2315 1228 2395 redintegran-

127 2399 180 2463 dae
197 2423 250 2484 epe
275 2403 420 2481 allectue,
443 2414 473 2464 et
495 2405 566 2486 quia
587 2404 674 2464 illum
686 2406 826 2487 putabat,
847 2413 962 2463 mutate
977 2403 1054 2463 forte
1070 2400 1228 2476 sententia,

126 2487 201 2548 velle
223 2497 323 2550 errata
340 2489 479 2552 confiteri
494 2501 524 2550 et
542 2491 703 2570 corrigere,
726 2510 787 2549 non
801 2499 921 2569 gravate
932 2487 1042 2569 paruit,
1066 2497 1096 2548 et
1109 2506 1227 2545 summo

126 2594 209 2633 mane
227 2573 268 2636 ad
292 2595 360 2635 eum
376 2575 470 2636 venit.
512 2575 557 2636 Ac
579 2597 677 2636 eermo
691 2575 812 2656 quidem
817 2620 827 2652 ,
849 2583 884 2634 ut
900 2574 980 2632 inter
993 2573 1104 2631 amicos
1119 2589 1229 2649 eoaque

127 2669 254 2738 veterae,
276 2659 405 2722 blandae
422 2661 554 2742 primum
576 2659 805 2722 ethilariesuit.
847 2657 968 2734 Deinde,
993 2657 1125 2716 Palamae
1140 2675 1228 2714 men·
1338 2705 1342 2712 .

128 2743 206 2804 tiano
220 2745 347 2824 iniecta,
370 2767 437 2807 cum
451 2758 478 2808 et
491 2747 716 2808 Cantacuzenue
732 2754 762 2805 et
774 2753 972 2803 araentatoree
986 2741 1129 2801 monachi
1141 2739 1229 2799 illum

132 2831 246 2892 laudare
259 2841 291 2891 et
305 2833 446 2892 admirari
460 2833 643 2915 coepissent,
663 2835 706 2891 ita
723 2833 868 2910 Gregorae
884 2827 1063 2904 excanduit,
1086 2837 1121 2886 ut
1134 2845 1172 2886 ex
1186 2827 1231 2885 fe·

130 2915 235 2976 miliari
261 2917 414 2997 colloquio
438 2918 475 2978 ad
497 2919 593 2996 iurgia
607 2919 747 3001 protinus
765 2925 795 2976 et
808 2915 847 2975 ed
866 2915 1002 2975 convicia
1018 2923 1144 2973 ventum
1159 2913 1229 2972 fue-

130 3001 176 3066 rit.
215 3003 346 3062 Tantum
362 3003 454 3084 igitur
473 3005 586 3081 abluit,
609 3012 647 3063 ut
666 3024 700 3063 eo
715 3002 866 3082 colloquio
881 3001 950 3061 lites
968 3007 1230 3079 componerentur,

132 3095 163 3146 ut
177 3089 261 3150 novis
277 3089 493 3152 offensionibus
503 3089 620 3150 irritata
637 3088 705 3149 odia
718 3087 937 3149 recruduerint.
981 3086 1024 3143 ue
1039 3084 1230 3164 hac'poetre

132 3191 176 3231 ma
198 3173 404 3256 disputatione
422 3175 568 3256 Gregorae
588 3175 719 3254 dialogos
742 3181 872 3254 quatuor
884 3169 1030 3251 'scripsit3
1054 3189 1103 3228 eoa
1117 3167 1228 3227 videli-

134 3269 190 3330 αἱ,
212 3260 265 3340 qui
278 3259 429 3321 Historiae
448 3262 543 3322 libros
558 3261 683 3320 totidem
700 3257 902 3334 constituunt5
925 3255 1109 3334 trigesimum
1124 3273 1228 3312 eccun-

134 3341 200 3404 dum
217 3346 304 3421 dico,
326 3355 356 3406 et
368 3356 428 3408 tree
449 3347 591 3430 deinceps
607 3345 774 3406 continuos.
818 3345 896 3402 Sunt
909 3340 1042 3402 autemii
1057 3359 1137 3399 mere
1151 3339 1228 3428 dog·

135 3431 244 3508 matini,
265 3431 367 3513 primo
382 3445 525 3516 excepto,
548 3433 632 3494 cuiue
647 3429 805 3492 exordium
817 3427 996 3488 historicum
1010 3433 1063 3485 oet.

211 3515 273 3576 Sub
291 3517 369 3578 illud
385 3519 474 3580 credo
491 3529 610 3601 tempus
628 3516 792 3598 Ioasephue
809 3513 1041 3584 Cantacuaenue,
1063 3505 1230 3589 pervolutie

134 3597 470 3684 HiatoriaeByaantinae
490 3605 585 3681 libris,
605 3623 730 3684 quorum
744 3602 890 3680 Gregorae
905 3607 1010 3658 auctor
1031 3615 1093 3654 esee
1110 3593 1229 3654 fereba-

135 3693 194 3764 tur,
216 3710 284 3750 cum
310 3689 370 3748 alie
384 3691 477 3752 multe
492 3690 525 3750 in
547 3691 584 3750 iis
603 3689 721 3749 notavit
734 3687 780 3768 4);
805 3696 871 3745 tum
885 3683 962 3743 illud
978 3682 1015 3742 de
1033 3701 1064 3740 ee
1079 3678 1231 3760 inprimis,

137 3771 209 3850 quod
232 3775 274 3836 ibi
296 3775 465 3853 diceretur,
487 3779 648 3856 ruperatite
667 3771 846 3834 Andronico
863 3771 1045 3848 imperatore
1064 3763 1229 3822 monaodoa

137 3862 238 3918 neuntio
251 3859 337 3920 Amo
350 3859 508 3939 fatidicae
524 3859 656 3936 adiieee,
678 3871 705 3918 et
720 3881 763 3918 an
777 3877 879 3916 rerum
894 3857 1057 3936 patiturne
1075 3861 1166 3926 earet,
1188 3848 1227 3906 ab

139 3941 176 3999 iia
194 3947 371 4006 aciacdatue
382 3947 494 4028 fuine.
538 3947 619 4008 ldem
631 3945 720 4007 etiam
732 3941 905 4024 gravinima
919 3937 1063 4008 crimine,
1084 3935 1231 4013 religiosae

169 4143 198 4210 t)
213 4145 290 4200 Num.
307 4145 382 4206 0.1.
434 4147 466 4216 2)
482 4145 549 4200 lliet.
566 4145 632 4217 llya.
650 4145 695 4199 lib.
713 4159 800 4197 xxxa.
818 4140 923 4195 circiter
938 4137 1047 4194 initium.
1106 4135 1139 4204 3)
1156 4133 1229 4190 Μ).

200 4227 336 4271 ιοοοονιι.
406 4214 438 4283 4)
456 4212 597 4272 Cmteauz.
614 4213 684 4272 flat„
701 4213 746 4270 lib.
762 4227 801 4268 rr.
819 4227 877 4284 cap.
893 4211 937 4266 24.
954 4212 983 4263 et
997 4205 1042 4306 25¹.
