3042 4886
370 307 607 378 HISTORIAE
625 298 904 377 BYZANTINAE
924 304 981 376 XI.
1000 312 1050 376 11.
1174 287 1248 365 567
1285 341 1288 348 .

145 476 189 556 οἱς
202 475 241 544 αἱ
266 481 323 543 τοῦ
349 473 492 540 δαπέδου
507 473 540 537 ίκ
554 470 718 558 διαμέτρου
733 465 902 556 ἀκρότητες
919 473 983 534 τῶν
998 471 1168 550 βασιλικῶν
1183 489 1249 554 τρι·
1290 475 1323 529 λ.
1343 472 1374 527 c.

42 604 45 615 ’
145 583 255 650 κλίνων
279 575 452 666 ἀμφότεραι
468 572 661 660 ὑπέρκεινταί
673 599 734 638 που
751 580 807 639 τοῦ
821 569 937 656 μεταξὺ
951 570 1095 636 έπιπέδου
1114 569 1185 656 άχρι
1199 571 1249 635 καὶ
1303 543 1372 666 ¹23⁸

144 688 177 763 ές
190 685 296 771 τρίτον
310 685 483 764 σπιθαμῆς,
494 681 544 744 καλ
556 674 693 762 μάλιστα
709 673 770 760 ὅπη
780 678 831 742 uoti
846 671 863 740 ὃ
877 673 1037 757 βασιλικός
1052 673 1158 759 λ’στηκε
1167 669 1248 759 θρό-
1300 681 1367 740 1³41

142 809 214 864 νος·
226 786 270 850 ‘iv'
290 786 366 862 ἴσως
379 783 432 871 ἔχη
449 809 478 849 τι
494 782 552 848 κάν
565 777 668 870 τούτῳ
677 779 769 846 πλέον
782 786 844 846 τῶν
860 776 963 844 άλλων
978 756 1416 877 όβασιλεὺςὶστά-Ῑῆξέἒὲζω·

118 905 137 960 5
143 881 281 977 μενοςέν
296 915 329 954 τε
346 899 415 964 ταῖς
431 887 526 973 ἱεραῖς
538 881 707 974 ὑμνῳδίαις
722 884 772 948 eoi
791 880 841 948 ὅτε
855 881 1024 966 διαλέγοιτο
1041 887 1098 947 νῶν
1112 882 1169 963 μέν
1183 892 1279 958 τοΐςλλ
1376 861 1382 875 ’

143 990 300 1078 ὑπηκόοις,
310 999 366 1058 νῦν
375 991 409 1055 δέ
422 1000 488 1065 τοῖς
504 989 536 1066 ἓξ
551 990 653 1054 ἐθνῶν
666 987 838 1074 πρέσβεσιν.
854 985 978 1062 terrm
985 1009 1018 1070 γε
1029 982 1093 1068 μὴν
1106 983 1158 1048 ἐπ’
1176 985 1251 1050 ίκεί-

143 1123 200 1182 νης
222 1103 279 1181 τῆς
295 1093 434 1170 στάσεως
455 1092 554 1158 οὑδενὶ
575 1098 638 1158 τῶν
661 1086 807 1155 ὑπόντων
829 1094 873 1176 τῷ
888 1093 1015 1170 βασιλεῖ
1026 1088 1244 1168 συνίστασθαι,
1264 1093 1296 1147 V.
1312 1095 1366 1150 283

143 1200 225 1284 πλὴν
247 1205 304 1284 τῆς
327 1193 459 1282 συζύγου
481 1196 532 1260 καλ
555 1201 618 1260 τῶν
645 1193 735 1259 υἱέων
760 1193 811 1258 καὶ
836 1193 999 1278 ἀδελφῶν·
1026 1192 1198 1278 προσθείην
1215 1191 1249 1256 δ’

144 1301 182 1368 tv
205 1304 256 1368 καὶ
279 1307 343 1368 τῶν
371 1299 607 1387 πατραδελφιον.
642 1293 855 1362 ἄλλατούτου
878 1319 911 1382 γε
928 1294 1094 1378 ἱσταμένου
1112 1295 1162 1360 καὶ
1180 1290 1280 1378 ipa-1³

103 1407 272 1481 ίθλοῦντος
293 1405 410 1470 έκεΐθεν
435 1399 481 1478 οίς
505 1404 596 1488 ίχρῆν
617 1397 749 1488 άνῂεσαν
774 1401 826 1474 καὶ
850 1394 1034 1464 συνίσταντό
1052 1397 1081 1462 οἱ
1097 1396 1153 1482 οὐχ
1167 1395 1252 1474 ὅπως
1282 1419 1286 1432 ·

143 1507 252 1575 ἅπασα
273 1513 336 1573 τῶν
361 1502 525 1592 εύγενῶνῆ
547 1500 671 1588 νεότης,
700 1500 780 1568 ἀλλὰ
806 1504 857 1568 καλ
874 1507 937 1567 τῶν
950 1502 1089 1584 χυδαίων
1104 1504 1154 1566 καὶ
1169 1498 1250 1586 ὑπη-

39 1687 45 1697 ,
143 1612 234 1699 ρέτου
252 1607 340 1687 τάξιν
353 1606 485 1693 ἐχόντων
490 1658 502 1690 ,
531 1604 578 1683 οἷς
592 1607 671 1691 πρὸς
686 1601 865 1688 βουλήσεως
880 1596 929 1689 ἦν.
958 1600 1000 1681 αἱς
1015 1605 1066 1669 καλ
1083 1601 1252 1681 τοσούτους

142 1717 288 1780 ἐντεῦθεν
309 1715 450 1798 γίνεσθαι
474 1709 549 1786 τούς
572 1709 792 1790 συνωθισμοδς
814 1709 883 1794 περὶ
904 1705 1000 1773 αὑτὸν
1015 1703 1179 1788 πολλάκις,
1208 1704 1252 1784 ιὺς

141 1815 276 1882 ὑπείκειν
291 1814 387 1880 αὑτὸν
403 1817 454 1902 καί
471 1809 622 1879 ἐνδιδόναι
639 1813 690 1876 καλ
706 1809 875 1892 όίλλσιςμέν
889 1817 947 1894 τῆς
962 1807 1130 1897 ὑπερτέρας
1147 1836 1251 1897 παρω-

99 1933 133 1988 15
139 1930 252 2005 χωρεῖν
273 1915 411 1993 στάσεως
415 1967 427 1999 ,
456 1915 551 1983 αὑτὸν
573 1919 592 1980 δ
598 1915 608 1940 ²
626 1914 726 2004 ἠρέμα
742 1914 876 1979 κατιέναι
892 1913 971 1999 πρός
986 1912 1021 1978 τό
1039 1919 1096 1979 τοῦ
1113 1910 1250 2001 ίδάφους

139 2019 417 2108 χαμαιζηλότερον,
444 2020 554 2104 μηδενὶ
573 2024 637 2084 τῶν
660 2014 804 2083 ἁπάντων
826 2013 1013 2101 ἀχθόμενον.
1068 2014 1142 2106 (Η.)
1168 2018 1253 2104 Περί
1263 2019 1296 2075 Ρ.
1314 2019 1365 2076 351

143 2151 176 2211 με
194 2125 257 2210 μὴν
276 2130 332 2209 τῆς
355 2124 404 2188 leri
427 2127 563 2208 κεφαλῆς
587 2117 765 2205 καλύπτρας
781 2119 828 2182 Zoni
843 2120 901 2202 μέν
916 2124 979 2184 τῶν
994 2115 1145 2206 πρότερον
1156 2126 1252 2202 βασι..

143 2229 218 2294 λίων
233 2228 323 2306 έθος,
352 2223 426 2301 τοὺς
437 2226 495 2307 μέν
506 2219 610 2312 χρόνῳ
625 2219 859 2309 προβεβηκότας
870 2222 902 2286 έν
915 2231 982 2296 τοῖς
993 2225 1161 2304 βασιλείοις
1169 2228 1250 2310 χρῆ-

142 2337 224 2398 σθαι
239 2326 447 2415 καλύπτραις,
465 2328 639 2414 πυραμίδος
660 2327 718 2408 μέν
742 2319 886 2407 ἐχούσαις
899 2330 1021 2407 σχῆμα,
1053 2330 1199 2411 Σηρικοῖς
1213 2324 1249 2390 δ’

98 2431 293 2516 λοένδόμασι
307 2431 388 2498 κατὰ
409 2431 446 2497 τό
462 2427 613 2514 ἀνάλογον
627 2425 747 2518 ἑκάστῳ
760 2427 882 2509 ἀξίωμα
896 2428 1156 2510 καλυπτομέναις·
1184 2426 1251 2494 ὅσοι

143 2537 177 2603 δ’
203 2539 235 2601 έν
254 2533 375 2626 ἡλικίη,
403 2531 535 2610 τούτους
553 2534 587 2598 δὲ
603 2529 723 2608 πάντας
737 2527 889 2608 καθάπαξ
905 2526 1082 2597 άκάλνπτον
1099 2529 1176 2616 έχειν
1193 2530 1252 2616 τὴν

143 2637 290 2728 κεφαλήν.
328 2641 377 2703 tul
397 2639 431 2703 δέ
445 2643 502 2720 τῆς
515 2635 612 2702 αὑτοῦ
625 2637 785 2719 βασιλείας
799 2635 830 2710 ές
848 2640 998 2700 τοσοῦτον
1014 2631 1092 2722 έρρει
1113 2633 1149 2700 τό
1176 2633 1253 2712 έθσς

141 2744 228 2808 ‘couri
236 2791 247 2824 ‚
276 2737 319 2819 αἱς
339 2738 530 2828 καλύπτραις
547 2741 604 2822 μὲν
617 2743 788 2828 κεχρῆσθαι
802 2733 921 2812 πάντας
935 2732 1013 2820 ὑμοὺ
1030 2739 1082 2802 καλ
1096 2737 1184 2814 νέους
1196 2738 1278 2802 καὶΒ

143 2843 315 2934 ἀφήλικος,
343 2841 457 2930 ὁμοίως
471 2841 574 2929 ὥσπερ
589 2842 621 2908 ίν
643 2842 766 2930 ἀγροῖς,
795 2837 878 2908 οὑτω
900 2841 951 2906 καὶ
971 2843 1137 2924 βασιλείων
1151 2839 1249 2922 έντδς,

211 2973 253 3100 a
262 2971 322 3098 &top
336 2974 370 3030 Δ.
439 2973 482 3034 13.
500 2967 647 3042 ῶθιαμοός
662 2973 695 3028 Α.
764 2971 808 3030 17.
829 2966 883 3042 μὶν
899 2969 959 3028 eut
976 2971 1009 3029 A.
1087 2971 1132 3028 18.
1154 2971 1252 3043 κεχρῆ-

253 3064 283 3101 oe
324 3079 332 3096 ·

142 3149 208 3212 bur,
224 3144 449 3230 lmperotpriorom
478 3144 649 3230 triolioiorurn
670 3145 809 3218 perimenti
826 3143 983 3199 summitate:
1002 3142 1090 3226 umbpo
1106 3140 1177 3196 inter
1190 3161 1250 3226 peeo

143 3225 686 3352 llltbrtr'll‘xelllrliltlll
695 3216 881 3348 tillut}
895 3213 1250 3338 tiltbtliltltff

143 3360 251 3426 perator
276 3353 374 3424 aliquid
395 3369 458 3422 pree
478 3354 590 3406 coeteris
608 3353 727 3408 eximium
746 3355 856 3418 hebeat,
879 3353 936 3406 rire
955 3353 983 3405 in
1001 3349 1083 3404 onorio
1104 3351 1251 3418 hymnodiie

143 3431 235 3487 eune,
252 3423 309 3475 rire
333 3437 400 3476 nuuc
420 3421 547 3487 eubditie,
565 3439 632 3476 nunc
653 3431 798 3478 exterarum
816 3423 947 3476 notionum
966 3421 1060 3490 legatio
1076 3419 1250 3489 respondentur

143 3509 193 3546 neo
214 3491 241 3544 in
256 3491 300 3545 illo
329 3493 387 3546 loco
405 3491 523 3558 cuiquam
545 3491 778 3546 mortelirrmlioere
796 3492 833 3545 illi
848 3501 949 3554 outone,
966 3497 1148 3560 praeterquam
1168 3487 1252 3552 uxori,

142 3561 233 3616 liberie
245 3571 273 3614 et
290 3561 430 3625 iratriboe3
448 3561 541 3630 quibus
553 3571 581 3616 et
593 3561 695 3632 peuui,
712 3570 745 3615 nt
754 3562 855 3633 opinor,
873 3559 934 3614 eddi
947 3565 1062 3630 pooount.
1098 3557 1194 3610 Verum
1207 3557 1251 3610 illo

142 3631 180 3684 ibi
192 3639 279 3684 utente
297 3637 324 3683 et
339 3647 395 3683 cum
415 3631 508 3700 quibos
521 3647 586 3699 ορατ
603 3639 662 3684 erut
675 3632 846 3702 colloquente,
860 3645 910 3682 non
924 3629 998 3682 modo
1013 3625 1094 3680 omnio
1107 3625 1251 3680 nobilitatis

143 3700 320 3754 odolescentia
335 3698 425 3752 eodem
443 3699 602 3754 ascendebat
622 3709 649 3754 et
661 3700 698 3754 illi
711 3703 830 3767 eetubut,
847 3700 895 3752 red
911 3707 939 3751 et
957 3698 1114 3767 plebeiorum
1126 3701 1153 3748 et
1167 3697 1252 3749 lemu-

144 3767 224 3822 lorum
243 3769 360 3839 quilibet.
403 3767 481 3820 Unde
496 3786 576 3839 ruepe
594 3771 671 3822 turbe
685 3771 812 3824 hominurn
833 3768 872 3820 itu
885 3768 1049 3839 premebatur
1062 3773 1089 3818 et
1099 3764 1251 3832 urgebatur,

143 3847 173 3891 ut
188 3839 246 3908 ipre
266 3838 418 3890 deflecteret
439 3851 470 3888 to
485 3835 541 3890 loco
564 3837 685 3903 cederet,
706 3839 815 3909 ullisque
835 3835 968 3906 superlore
985 3835 1097 3888 etutiono
1117 3850 1249 3900 concesso,

143 3907 267 3976 paulatim
288 3908 321 3959 ed
341 3904 450 3958 inieriuo
471 3907 642 3972 perimentum
655 3907 839 3970 deeoenderet,
856 3905 950 3959 neruini
964 3904 1075 3956 omnium
1087 3919 1251 3958 ruooenoenr.

142 3976 246 4044 (vill.)
265 3974 342 4038 Quod
364 3974 397 4028 etl
411 3973 505 4044 cepitis
521 3983 696 4046 tegumentum
709 3977 819 4040 attinet,
836 3975 907 4046 opud
921 3973 1068 4044 superiores
1081 3971 1252 4046 Imperatore·

143 4045 220 4097 morie
244 4052 316 4106 eret,
335 4051 365 4097 ut
383 4049 469 4096 aetate
487 4045 667 4113 provectiore·
682 4046 761 4099 ouliei
777 4061 898 4114 proceres
911 4041 988 4112 pileis
1005 4041 1174 4112 pyramidetie
1193 4049 1251 4094 ute·

143 4123 248 4178 rentur,
267 4112 350 4168 rerico
367 4111 460 4176 tortio,
479 4129 527 4182 pro
542 4113 669 4182 dignitate
685 4114 822 4184 cuiusquet
841 4113 953 4166 iuniores
967 4129 1029 4166 vero
1041 4127 1129 4164 omnen
1145 4126 1251 4179 proreur

143 4181 219 4236 nudie
236 4189 324 4236 arent
344 4181 481 4250 capitibus.
516 4182 563 4236 lllo
581 4199 644 4235 vero
656 4181 815 4254 imperatore
827 4181 852 4234 io
868 4197 923 4234 tuoe
938 4197 1019 4250 oeque
1033 4181 1097 4234 utleo
1111 4177 1249 4246 obsolevit,

143 4259 174 4301 ut
186 4265 271 4305 omnen
286 4249 403 4303 simulet
419 4249 596 4304 edoloreentee
609 4259 637 4304 et
649 4269 726 4306 renen
741 4252 815 4321 pileio
831 4257 983 4316 uterentur,
1000 4267 1051 4303 non
1068 4247 1150 4300 minuo
1161 4247 1188 4298 in
1200 4263 1249 4315 po-

142 4318 224 4384 Ιῑῦθι
242 4337 318 4392 qum
330 4319 358 4374 iu
376 4317 464 4390 agrion
482 4319 567 4393 iirqte
581 4319 780 4378 multiformibue
790 4327 819 4375 et
830 4318 992 4392 peregrinio,
1010 4324 1038 4374 et
1050 4315 1139 4390 quolee
1154 4315 1247 4386 οιιὶιμιο
