3084 4862
290 287 350 338 xrs
729 277 786 345 10.
807 277 973 352 BOlVINl

373 436 411 499 In
425 436 640 499 hnucmodum
651 445 714 498 tam
728 429 842 498 Graeca
855 456 944 516 quam
958 436 1094 500 Latinas
1111 437 1198 500 nobis
1209 449 1297 501 aucte
1310 453 1340 504 et
1355 463 1401 506 re.

291 541 411 622 cognita
428 542 559 602 fuerunt.
602 541 648 602 Ad
664 540 737 602 baec
754 540 825 602 labri
839 559 919 601 nova
935 541 1053 602 ratione
1071 541 1163 604 divisi
1173 567 1184 620 ς
1205 546 1347 624 quonism
1369 547 1403 606 in

288 643 446 728 prioribus
463 643 642 705 editionibus
657 644 774 726 capita,
795 653 906 722 temere
923 653 955 704 et
970 643 1155 706 inconcinne
1175 666 1299 728 prorsus
1316 649 1402 728 dige-

288 757 353 824 sta,
375 747 464 806 etism
483 745 615 806 numeris
629 746 778 807 carebant.
819 745 948 808 Additus
958 745 1090 810 minores
1112 751 1269 813 sectiones.
1312 751 1401 811 Prae·

286 849 350 910 lixa
363 847 489 928 singulis
504 845 651 928 capitibus
669 856 850 930 arguments,
872 869 926 911 seu
944 849 1106 930 breviaria,
1127 854 1257 932 vulgatis
1274 872 1399 914 accura-
1457 908 1459 924 ⁴

287 951 367 1012 tiara
398 959 429 1010 st
456 948 495 1008 ad
513 949 682 1011 sectionum
707 971 849 1014 numeros
876 957 1109 1018 accommodata.
1152 955 1246 1033 Anni,
1274 974 1400 1032 mensu,

286 1053 370 1132 diss,
393 1052 525 1113 siderum
548 1063 634 1116 ortas
655 1063 686 1116 et
707 1055 819 1135 obitus,
843 1059 915 1120 solis
938 1071 968 1120 et
985 1062 1075 1122 lanas
1097 1061 1247 1135 defectus,
1270 1066 1301 1116 et
1320 1056 1399 1117 varii

287 1166 463 1238 temporam
489 1154 676 1220 characteres
704 1158 831 1221 subinde
849 1161 995 1226 adnotati.
1038 1147 1225 1238 sententias,
1246 1169 1276 1220 et
1296 1160 1399 1220 crebra

286 1263 325 1324 de
338 1261 474 1323 moribus
485 1261 614 1340 iudicia,
636 1263 707 1322 item
722 1263 780 1323 alia
794 1265 938 1345 quaedam
950 1265 1073 1326 levioris
1088 1264 1241 1342 momenti,
1263 1282 1302 1322 ne
1314 1261 1400 1324 oneri

285 1375 384 1427 essem
397 1363 598 1443 marginibus,
621 1366 757 1428 omittere
773 1367 872 1427 visum
887 1377 941 1428 est.
984 1369 1078 1429 Notae
1099 1368 1223 1447 breves,
1245 1366 1298 1426 ubi
1324 1385 1399 1446 opus

285 1469 355 1545 fuit,
375 1467 524 1528 adiectae:
546 1467 699 1528 uberiores
715 1469 842 1530 reiectae
859 1469 899 1530 ad
914 1470 1027 1531 calcem
1043 1471 1130 1532 Tomi
1146 1470 1278 1531 secundi.
1302 1469 1399 1530 Porro

285 1574 320 1633 in
340 1570 389 1632 his
408 1570 522 1653 primas
537 1579 641 1656 tenant
664 1569 828 1633 doctissimi
848 1573 994 1654 Ducsngii
1014 1575 1109 1635 llotse
1130 1583 1302 1656 postumsea
1323 1589 1400 1652 quas

284 1675 376 1757 paulo
393 1682 465 1754 post
481 1671 566 1734 illius
580 1665 709 1734 mbrtem
725 1695 806 1735 meae
818 1675 889 1737 fidei
905 1676 1165 1738 commendaverat
1183 1675 1289 1756 optimi
1304 1673 1398 1755 patris

285 1777 366 1837 lilius
387 1775 578 1856 dignissma
596 1773 753 1859 Philippus
770 1779 956 1859 Ducangiua,
985 1779 1129 1841 Franciae
1146 1780 1295 1854 Quaestor
1317 1774 1399 1856 apud

285 1881 436 1942 ricavus.
477 1879 533 1940 llis
556 1879 692 1962 partibus
717 1901 753 1941 ac
772 1883 906 1943 numeris
928 1882 1022 1944 edific
1045 1883 1120 1945 haec
1137 1882 1228 1962 Regia
1254 1877 1357 1940 differt
1380 1897 1398 1937 a

285 1983 432 2062 vulgatis:
454 2002 527 2062 quas
550 2001 605 2061 ego
622 1984 661 2043 ad
684 1982 769 2045 bunc
787 1985 867 2046 diem
888 2005 982 2067 usque
1002 2004 1066 2046 non
1088 1986 1193 2067 plures
1218 1977 1282 2045 ‘vidi
1307 1999 1398 2062 quam

284 2093 432 2168 quatuors
462 2103 517 2144 sex
538 2094 639 2146 tamen
663 2088 859 2167 prodierunt,
888 2099 940 2150 aut
957 2089 1064 2150 saltem
1086 2089 1225 2170 quinque.
1268 2085 1398 2145 Primam

284 2207 364 2249 anno
377 2207 486 2246 unm.
508 2187 622 2249 Graece
642 2198 673 2249 et
692 2190 798 2252 Latine
815 2194 849 2252 in
873 2191 1033 2254 Gar‘mama
1053 2191 1203 2273 prodiisse
1226 2185 1398 2248 Fridericus

282 2290 499 2371 Rostgaardius
518 2291 677 2370 colligebat
699 2313 738 2352 ax
753 2293 904 2356 Wolfians
918 2295 1122 2376 praefatione,
1144 2313 1198 2353 sen
1211 2291 1311 2372 potius
1329 2287 1396 2369 epi-

283 2396 362 2457 stola
379 2393 614 2477 prosphonetico
629 2393 669 2454 ad
684 2395 847 2458 Antonium
860 2397 1043 2477 ruggerum,
1065 2397 1120 2458 illo
1143 2398 1210 2477 ipso
1226 2411 1304 2451 anno
1317 2391 1397 2450 data.

282 2497 350 2560 Hoc
370 2497 470 2580 posito
486 2492 536 2577 *),
558 2498 690 2558 secunda
709 2499 802 2560 faerit
823 2520 946 2583 eaquae
960 2501 1063 2560 Latine
1079 2497 1195 2580 prodiit
1216 2495 1347 2556 basileae
1368 2511 1396 2554 a.

281 2621 405 2664 unam.
443 2598 555 2676 Tertia,
578 2599 1039 2678 quaomat’sris.a.amaxv11.
1084 2603 1215 2678 Quarta,
1239 2617 1315 2678 quac
1331 2595 1398 2656 lta·

280 2705 356 2781 lice,
377 2704 542 2785 interprete
560 2701 752 2782 Lud'Dulci,
775 2714 936 2765 accusante
954 2703 1122 2783 Augustino
1138 2701 1309 2777 Ferentini,
1334 2698 1397 2758 Ve-

281 2817 345 2869 nea
363 2826 390 2867 a.
404 2825 535 2866 noum
550 2803 583 2863 in
598 2803 628 2869 4.
659 2805 785 2883 Quota,
808 2827 884 2888 quaa
900 2809 964 2866 Lat.
977 2805 1173 2866 Francofarti
1190 2804 1230 2866 sd
1245 2805 1396 2875 Moenum,

282 2929 313 2972 a.
328 2925 520 2968 maxum.
560 2907 667 2979 Sam,
690 2927 767 2987 quae
779 2909 893 2969 Graece
909 2917 940 2967 et
953 2906 1073 2985 Latine,
1097 2907 1239 2968 Coloniae
1252 2905 1395 2966 Allobro·

283 3031 365 3092 gum,
389 3031 416 3070 a.
439 3027 558 3071 manv.
576 3007 715 3069 Hanlrius
732 3010 882 3089 Gregorae
909 3009 1075 3070 Historiam
1089 3010 1230 3070 Coloniae
1244 3007 1395 3068 Planicia-

282 3135 341 3174 nac
359 3114 448 3174 etiam
466 3134 493 3175 a.
509 3111 541 3170 (l.
559 3129 691 3176 mcxvi.
708 3113 819 3172 editam
835 3077 989 3191 obsssaat3
1011 3112 1197 3173 Warthcnus
1212 3111 1287 3172 duas
1301 3111 1396 3170 Fran-

284 3217 471 3280 col'urtenses
481 3224 636 3291 numerat3
651 3209 1192 3296 primamsirmnxvrn.,secundama.
1202 3233 1394 3275 nnnxxxru.

367 3335 402 3396 ln
415 3335 510 3395 Tamo
528 3334 660 3394 secundo
681 3335 727 3396 usi
742 3355 846 3396 sumus
863 3335 980 3396 dnobus
994 3333 1190 3419 apographis,
1210 3344 1339 3414 utroque
1354 3353 1395 3395 ex

281 3437 437 3500 veteribus
462 3437 683 3520 exemplaribus
707 3439 820 3501 Romae
839 3439 999 3520 descripto.

368 3559 504 3620 Primum
527 3557 748 3642 apographum,
771 3555 854 3639 quod
873 3557 907 3619 in
919 3556 1107 3619 Bibliotheca
1121 3557 1213 3638 Regia
1234 3566 1318 3620 extat
1332 3577 1394 3618 nn·

280 3680 366 3724 maro
375 3667 468 3731 2079.
476 3661 566 3723 docta
575 3671 605 3724 ct
618 3663 745 3743 eleganti
759 3681 850 3723 manu
862 3671 931 3722 ante
940 3680 1035 3720 annos
1048 3659 1116 3742 plus
1125 3671 1247 3722 centum
1260 3669 1290 3722 et
1300 3660 1394 3742 quin·

283 3765 427 3848 quaginta
455 3775 610 3826 exaratum
634 3766 712 3844 fuit,
738 3776 776 3827 ut
797 3773 883 3848 patet
901 3785 939 3825 ex
958 3763 1052 3846 ipsius
1071 3763 1190 3825 librarii
1207 3762 1393 3844 testimonio,

282 3869 335 3952 qui
349 3878 472 3950 peracto
495 3890 585 3951 opera
608 3867 683 3931 haec
697 3870 885 3952 subscripsit.
931 3866 1021 3942 Τέλος
1040 3865 1145 3949 ἔλαβεν
1158 3870 1248 3930 τοῦτο
1262 3861 1295 3932 cd
1313 3861 1395 3929 osio-

282 3993 380 4056 ταγμα
401 3975 442 4062 τῇ
462 3967 700 4060 ὀκτωκαιδεκάτῃ
723 3977 780 4048 τοῦ
802 3967 988 4055 deambules,
1012 3969 1068 4033 tm
1087 3973 1226 4058 χιλιοστῷ
1248 3991 1394 4032 meracae·

283 4079 398 4161 usucap*
419 4079 647 4162 τεσσαρακοστῷ
666 4075 773 4162 τρίτῳ,
795 4075 917 4162 σπουδῇ
931 4072 983 4138 καὶ
997 4072 1163 4159 φιλοπονίᾳ
1178 4065 1393 4157 Xpacropo'pou

319 4259 348 4330 Ἴ
365 4259 439 4332 [Non
453 4265 511 4320 crat
531 4261 692 4337 ponendum
708 4259 763 4318 vlt.
780 4259 897 4319 Fabricii
908 4259 979 4318 Bibl.
990 4259 1048 4317 Vol.
1064 4259 1123 4316 vn.
1133 4275 1162 4333 p.
1175 4259 1235 4319 652
1250 4257 1336 4329 Harl]
