3084 4862
351 257 586 331 NICEPHOBJ
608 257 847 328 GBEGORAE
868 259 985 331 vlTn.
1104 271 1223 320 xxxvrr

133 421 178 502 qni
191 417 281 482 Tomi
292 417 459 480 Palamitioi
474 415 646 480 defensione
663 426 814 499 suscepta,
837 417 1053 480 Antirrheticos
1067 417 1222 480 tunnas-

130 506 193 568 ticia
206 505 368 588 opposuit,
390 525 426 564 ac
438 513 590 566 mororum
603 503 765 584 Gregoram
782 504 912 566 relutare
934 505 1139 566 Cantscuaeno
1152 504 1222 568 hor·

130 601 206 654 nate
218 601 347 652 conatus
360 599 415 651 eat.

210 678 300 740 tuno
315 675 425 738 Christi
440 694 581 736 uccmrv.
604 693 674 736 vere
693 673 814 734 ineunte
831 675 1007 752 Matthaeus,
1022 675 1223 736 Cantacuzeni

127 764 223 840 filias,
244 762 415 842 intemplo
443 759 670 834 Blachernensi,
697 759 845 821 Philothei
867 759 1055 843 patriarchae
1077 781 1168 840 opero
1187 782 1222 820 ac

127 849 315 926 mhairterio,
336 854 497 910 coronatus
511 855 541 906 et
553 845 669 906 solenni
682 844 746 906 ritu
758 847 857 907 socius
871 847 997 928 imperii
1012 855 1167 926 cooptatus
1179 855 1223 906 est

128 956 145 994 a
160 945 250 1016 patre
267 932 310 1018 ¹):
333 943 423 1012 atquc
443 930 534 990 huius
560 931 654 992 missu
672 931 775 1011 paucis
796 942 865 1013 post
889 933 992 994 diebus
1009 932 1047 991 ad
1062 933 1225 1010 Gregoram

128 1020 259 1096 accessit,
280 1017 414 1078 animum
430 1016 494 1077 eius
509 1015 608 1078 denuo
621 1025 800 1094 tentaturus,
821 1027 851 1080 et
860 1017 1061 1100 praemiorum
1075 1037 1128 1097 spe
1142 1016 1223 1076 obla.

128 1115 157 1166 ta
178 1125 342 1178 suasurus,
362 1103 451 1165 utin
465 1102 579 1180 aulam,
601 1104 851 1182 quemadmodum
864 1113 966 1181 antea,
987 1103 1126 1181 frequens
1140 1100 1224 1162 veni·

126 1201 177 1254 ret
222 1191 360 1269 Cumque
380 1188 406 1248 is
427 1207 484 1248 nec
505 1186 765 1249 adhortationibus
787 1209 844 1250 nso
867 1188 1020 1271 promissis
1035 1187 1105 1247 ullis
1118 1186 1224 1248 deote-

126 1287 229 1352 retur,
250 1276 356 1336 saltem
377 1272 437 1333 hoc
457 1273 638 1354 persuadere
662 1283 786 1334 conatus
809 1282 873 1353 est,
894 1275 1083 1356 publicarum
1100 1271 1224 1330 calami-

126 1371 220 1422 tatum
250 1380 370 1422 causam
394 1379 457 1418 nou
485 1359 692 1419 Cantacuaeno
722 1359 915 1441 Imperatori,
943 1359 996 1419 sed
1016 1357 1225 1419 Providentiae

126 1447 247 1508 divim
284 1444 412 1508 decretis
440 1454 471 1504 et
495 1444 579 1504 fatali
607 1445 776 1506 necessitati
806 1444 1036 1508 attribuendam.
1079 1443 1225 1520 Gregoras

127 1542 231 1594 omn-a
258 1529 457 1594 validioribus
476 1530 657 1609 argumentis
681 1530 840 1611 probavit,
870 1547 1066 1613 quascunque
1087 1527 1224 1588 honunes

126 1620 278 1695 iacerent,
307 1637 340 1676 sa
359 1616 442 1697 ipsos
457 1635 521 1676 non
543 1615 645 1678 divina
658 1616 853 1695 praescientia
875 1626 928 1676 aut
943 1617 1152 1692 lntooogente,
1172 1611 1226 1670 sed

126 1705 263 1786 privatae
290 1701 455 1763 voluntatis
476 1699 571 1760 libero
597 1701 744 1762 instinctu
769 1703 876 1763 ductos
896 1703 1009 1776 facere3
1040 1718 1075 1758 ac
1098 1697 1238 1779 proinde·

127 1791 237 1851 husus
252 1789 493 1848 Cantacuncnum
505 1806 540 1846 es
551 1786 669 1848 ratione
683 1787 840 1864 excusari,
859 1787 942 1868 quod
956 1783 1099 1866 quicquid
1113 1803 1226 1864 pecca-

128 1875 226 1952 visset,
246 1873 281 1934 id
295 1893 357 1933 non
374 1881 481 1954 sponte
491 1872 545 1932 aed
559 1873 620 1934 lato
634 1873 789 1952 subigente
802 1881 964 1954 peccasset.
994 1874 1034 1932 At
1047 1867 1225 1942 Matthaeus,

127 1961 178 2022 nbi
197 1960 288 2020 illum
305 1959 385 2020 vidit
404 1959 562 2018 immotum
582 1968 611 2018 et
632 1957 847 2020 inexorabilem
868 1958 902 2020 in
921 1954 1067 2019 sententia
1081 1963 1225 2034 perstare,

128 2067 162 2106 ac
174 2045 232 2106 sibi
247 2045 336 2124 plura
350 2043 469 2104 dicturo
487 2043 673 2104 audientiam
685 2045 847 2124 denegare,
868 2041 966 2104 tristis
983 2040 1071 2100 abiit:
1091 2041 1225 2099 factum-

129 2151 183 2212 que
194 2131 278 2207 inda,
298 2130 476 2191 utseverius
487 2149 578 2210 quam
594 2138 681 2190 antea
697 2131 844 2209 Gregoras
859 2128 1034 2203 custoditus,
1050 2123 1225 2204 gravissimo

129 2227 223 2278 terrae
246 2212 378 2298 metult)
399 2216 551 2276 concussis
572 2215 726 2295 aliquanto
744 2225 816 2298 post
835 2213 942 2278 domus
960 2232 1030 2274 suae
1051 2208 1226 2293 parictibus,

130 2323 188 2364 non
206 2321 295 2364 ausus
313 2300 354 2361 ait
375 2301 454 2360 toras
470 2300 552 2362 exire
568 2295 611 2386 ⁸).

209 2403 325 2465 Eodem
349 2423 428 2462 anno
447 2411 574 2462 exeunte
586 2398 618 2490 ⁴)
639 2403 766 2466 loannes
779 2402 970 2481 Palasologus
983 2398 1129 2481 Byzantio
1143 2397 1227 2477 poti·

129 2499 177 2550 tna
201 2498 263 2551 est:
286 2489 451 2568 Gregoras,
471 2497 592 2569 recepto
610 2489 751 2551 libertate
763 2498 794 2550 et
813 2487 971 2550 custodum
991 2495 1073 2546 metu
1093 2501 1227 2556 excusso,

129 2595 197 2635 cum
219 2576 252 2635 in
272 2575 372 2634 aulam
393 2593 426 2634 aa
448 2573 640 2653 contulisset,
660 2577 698 2636 de
720 2593 870 2636 novorum
892 2573 1062 2649 dogmatum
1075 2569 1228 2648 impietate

128 2661 209 2742 apud
223 2660 397 2741 Principem
408 2680 471 2719 non
486 2659 560 2718 adeo
574 2680 703 2740 aequum
715 2657 744 2744 ⁶)
766 2658 917 2720 Palamitis
930 2656 1055 2716 libarius
1072 2651 1228 2712 disseruit:

128 2745 264 2806 hortatos
295 2755 359 2822 est,
380 2754 416 2804 ut
443 2744 617 2824 religionem
640 2746 783 2806 afflictam
804 2745 945 2823 erigeret,
976 2749 1171 2822 paratumque
1197 2755 1228 2794 sc

131 2833 260 2892 ostendit
276 2831 314 2891 ad
330 2849 364 2890 ee
376 2829 558 2906 refellenda,
577 2850 654 2910 qnae
669 2832 893 2892 Cantacuzenus
908 2838 937 2888 et
953 2828 1100 2900 Palamas,
1122 2823 1226 2882 decra-

131 2916 169 2976 tia
179 2919 240 2978 suis
254 2937 311 2998 pst·
323 2915 387 2978 rim
401 2915 586 2976 confirmatis
593 2961 602 2993 ,
623 2917 727 2998 iniqua
747 2926 776 2976 et
790 2914 918 2976 absurda
930 2911 1146 2974 definivissent.
1192 2907 1231 2965 tt

133 3001 294 3084 lomaphus
323 3001 373 3078 (id
397 3001 623 3078 Cantacuacuo,
651 3002 849 3062 monasticam
875 2999 1066 3080 disciplinam
1085 2995 1230 3076 professo,

132 3107 237 3149 acmen
260 3091 342 3166 erat)
363 3086 417 3146 ubi
432 3085 506 3146 haec
520 3086 630 3166 agitari
642 3087 775 3164 rescivit,
796 3088 956 3162 Palsmam,
978 3083 1030 3163 qni
1044 3093 1137 3140 mma
1154 3078 1231 3136 'lur-

135 3173 177 3232 cia
190 3173 327 3255 captivus
340 3173 497 3234 tenebatur
505 3217 514 3248 ,
536 3173 643 3249 grandi
663 3173 794 3254 pecunia
803 3173 903 3232 statim
918 3169 1028 3230 redimi
1040 3163 1173 3240 curarit,
1196 3168 1232 3220 ut

135 3257 160 3316 ia
182 3279 300 3319 masam
314 3277 398 3317 suam
420 3279 476 3338 per
495 3257 607 3339 seipse
621 3279 761 3339 praesens
782 3267 896 3337 egeretc
918 3265 983 3315 tum
997 3253 1077 3314 filiae
1091 3249 1230 3320 Helenae,

136 3341 235 3404 loanni
255 3343 430 3422 Palaeologo
449 3343 627 3424 Imperatori
647 3355 775 3425 nuptae,
804 3342 1012 3405 auctoritatem
1037 3331 1228 3415 interposuit,

136 3447 171 3488 ue
183 3429 336 3490 ‘iudicium
361 3429 611 3505 constitueretur,
634 3431 718 3510 quod
739 3429 796 3489 sibi
810 3430 946 3488 futurum
961 3434 1035 3486 esset
1049 3409 1231 3500 iguonrilo-
1331 3437 1335 3444 ·

138 3533 206 3576 sum.
247 3516 295 3576 lta
315 3515 464 3594 Gregorae
485 3513 620 3576 studium
634 3536 723 3576 mnne
742 3515 776 3574 in
791 3531 931 3595 praesens
945 3509 1065 3570 irritum
1079 3505 1146 3567 fuit.

216 3615 304 3676 Anno
318 3614 457 3696 proxime
470 3615 630 3694 insequuto
647 3618 805 3698 episcopus
817 3615 954 3690 Latinus,
976 3606 1142 3686 Palssologi
1160 3601 1232 3662 ami-

141 3717 202 3773 ω,
228 3699 408 3782 Byzantium
438 3701 553 3780 legatus
573 3701 705 3762 advenit
755 3703 828 3762 Eius
851 3718 959 3760 nomen
983 3697 1051 3756 silet
1076 3695 1233 3768 Gregoras,

140 3783 300 3846 doctrinam
316 3795 417 3845 autem
433 3787 630 3864 commendat,
652 3798 690 3848 ut
707 3785 836 3847 hominis
852 3785 883 3844 in
895 3803 1045 3844 sacrarum
1062 3777 1233 3855 Scriptura-

142 3889 204 3932 Μ
212 3874 460 3933 commentatione
473 3871 593 3950 versati,
606 3871 904 3936 atexereitationibus
917 3865 1094 3945 theologicis
1105 3861 1138 3924 iu
1150 3857 1237 3920 scho-

175 4071 203 4141 1)
218 4073 287 4128 ΗΜ·
304 4073 373 4146 Βῖῑ.
389 4077 435 4132 lib.
453 4092 549 4132 xxvut.
617 4075 650 4146 2)
665 4075 731 4130 Eum
747 4077 834 4128 terrae
851 4075 946 4126 molum
963 4067 1080 4122 Villauua
1096 4061 1196 4116 confort
1210 4059 1237 4110 iu

203 4159 294 4198 m
309 4141 386 4202 1354·
405 4147 514 4202 Kalend.
529 4145 626 4200 statut
686 4147 719 4216 8)
736 4141 859 4198 Eiusdem
872 4139 931 4193 libri
950 4155 1006 4208 capt
1020 4137 1065 4190 utt
1117 4135 1148 4213 t)
1164 4133 1194 4184 Α.
1205 4132 1236 4180 G.

207 4227 333 4266 Ιῦῦοίιῐν.
350 4225 471 4270 autumno
485 4219 603 4270 exeunte.
673 4215 707 4286 5)
723 4213 777 4270 Cur
795 4208 927 4269 Palamltis
944 4207 1060 4262 infensus
1077 4203 1173 4266 luent,
1190 4197 1236 4250 do·

206 4289 247 4338 ⁰0⁸
262 4281 399 4354 (ἕπομαι
414 4283 484 4342 trut
501 4287 547 4341 lib.
565 4299 651 4340 axau.
