2986 4886
192 985 406 1056 nscnrr.
436 988 505 1056 nr
532 989 857 1062 cennnosun
886 991 1075 1073 v1sun,

106 1157 148 1242 D.
203 1156 644 1252 ANTONIUM
703 1163 1180 1277 FUGGERUM,

118 1359 360 1422 emonensem
375 1367 429 1421 ΕΤ
442 1368 728 1424 WIIISSENIIORNI
743 1368 935 1436 DOMINUM‚
952 1371 1166 1428 cunamen

356 1471 556 1530 Mamm
572 1475 596 1529 Α
612 1472 811 1540 CONSILIIS,
827 1473 913 1528 mc.

526 1640 721 1652 ———

101 1705 175 1820 Non
196 1763 333 1844 equidem
355 1765 421 1828 sine
443 1777 559 1845 mente,
580 1785 664 1844 reor,
686 1766 750 1828 sine
763 1767 886 1829 numine
909 1762 1014 1829 dirdm
1034 1762 1091 1853 (ut
1110 1769 1184 1832 vis-

102 1861 152 1938 gIIii
166 1867 260 1928 verbis
274 1875 362 1949 utar)
384 1870 429 1930 sic
448 1872 576 1948 accidit,
597 1870 653 1930 vir
666 1870 870 1951 impiissime,
890 1881 926 1932 ut
947 1881 999 1932 tus
1018 1872 1185 1952 praestanti

101 1960 268 2048 liberalitate,
292 1983 323 2032 et
337 1974 483 2054 singulari
496 1975 614 2036 Ioennn
628 1975 875 2034 Doaerscnwsasr
885 1972 1043 2050 industria,
1062 1974 1185 2055 Byzan-

100 2066 178 2132 tinam
194 2072 349 2137 historiam
377 2099 395 2138 s
421 2078 616 2140 Constantino
636 2077 744 2157 Magno
763 2097 859 2157 usque
889 2077 926 2138 ad
952 2079 1185 2140 Coustentiuum

100 2183 280 2255 postremum,
302 2201 320 2238 a
339 2181 460 2242 Graecis
476 2181 656 2262 descriptam
669 2179 857 2256 hominibus,
878 2179 1024 2260 integram
1043 2190 1074 2242 et
1085 2183 1185 2263 poris-

100 2284 163 2337 atam
176 2278 356 2345 haberemus.
399 2282 463 2344 Etsi
477 2284 558 2344 enim
570 2285 653 2345 illius
668 2283 815 2365 epitomes
830 2284 976 2364 quaedam
991 2293 1105 2363 extant,
1117 2306 1184 2366 par.

99 2377 143 2439 tin
153 2403 169 2440 a
180 2385 291 2446 Latinis
301 2384 501 2468 scriptoribus
516 2387 622 2464 editae,
644 2386 757 2469 partim
773 2408 812 2448 ex
825 2386 873 2448 hia
886 2387 999 2448 nostris
1009 2388 1184 2448 auctoribus

98 2479 253 2567 decepisse
272 2499 376 2550 tamen
392 2491 498 2552 Graeci
512 2489 625 2550 certius
639 2499 669 2550 et
677 2489 772 2552 fusius
787 2490 931 2572 pleraque
944 2490 978 2550 in
994 2491 1118 2552 Oriente
1134 2510 1185 2570 ge-

97 2593 133 2643 ns
154 2587 389 2672 descripserunt,
412 2613 487 2673 quse
507 2593 556 2654 illi
575 2592 631 2654 vix
652 2593 834 2672 attigerunte
862 2592 1016 2671 multsquo
1039 2592 1186 2668 sormunt,

97 2685 193 2752 latinis
206 2693 266 2754 illis
282 2697 332 2756 vel
345 2696 436 2778 plana
451 2696 619 2776 incognita,
638 2696 689 2758 rel
708 2695 746 2756 de
766 2693 915 2757 industria
930 2695 1080 2774 neglecta,
1103 2693 1186 2774 quod

97 2809 125 2850 ea
141 2797 231 2859 minua
244 2800 283 2860 sd
295 2820 327 2859 se
341 2800 492 2882 pertinere
503 2809 661 2880 putarent:
682 2798 762 2860 sicut
776 2808 807 2858 et
823 2797 931 2860 Graeci
944 2797 1079 2859 vicissim
1090 2817 1139 2858 ree
1153 2796 1187 2856 in

98 2895 246 2963 Occidente
258 2913 354 2983 gestae
369 2923 477 2984 parum
491 2912 645 2966 curarunt.
674 2903 750 2964 Nam
763 2921 832 2962 cum
846 2885 988 2982 princeps
1001 2899 1124 2982 Imperii
1137 2919 1187 2960 se-

98 2997 142 3060 des
151 3001 339 3084 Byzantium,
362 3027 438 3086 quae
453 3029 471 3066 a
490 3009 648 3068 conditore
663 3007 766 3088 potius
787 3024 875 3084 quam
889 3003 1102 3082 instauratore,
1123 3023 1188 3064 non

95 3109 198 3170 butun
219 3109 508 3192 coustantinopolis,
537 3111 591 3172 sed
615 3119 647 3170 et
670 3129 750 3170 nora
770 3109 865 3169 Iloma
887 3108 968 3168 dicte
986 3107 1063 3183 tuit,
1084 3116 1187 3166 mans·

96 3203 146 3266 lata
163 3223 247 3274 earet:
275 3215 423 3295 paulatim
445 3224 535 3277 retus
554 3215 648 3274 Roma
669 3232 739 3274 cum
762 3211 898 3273 finitimis
921 3210 1086 3291 provinciis
1102 3230 1120 3267 a
1136 3217 1187 3270 to-

96 3307 148 3369 fina
174 3313 291 3398 Imperii
310 3315 398 3397 qussi
416 3337 544 3398 corpore
568 3317 687 3393 ermae,
709 3311 819 3398 partim
844 3313 1056 3395 pontificibus,
1076 3311 1189 3392 partim

96 3416 191 3477 exteris
212 3420 386 3482 nationibus
407 3421 518 3502 paruit.
561 3423 670 3481 Secuta
695 3427 769 3480 sunt
793 3416 904 3477 deinde
925 3416 1015 3476 etiam
1034 3413 1188 3494 religionis

96 3513 220 3597 dissidia,
243 3523 469 3600 contentiones,
491 3523 634 3602 iusidias,
655 3531 759 3606 aperta
776 3520 875 3595 belle,
896 3528 928 3578 et
943 3518 1077 3580 divorse
1100 3519 1188 3578 etiam

97 3625 275 3706 utrorumque
295 3627 481 3708 populorum
502 3628 728 3708 appellationes.
772 3624 847 3685 Nam
860 3621 1022 3703 Byzantini
1037 3641 1069 3682 se
1082 3621 1189 3680 Itoma-

96 3737 161 3796 noa,
180 3737 207 3786 et
220 3749 294 3790 suos
315 3730 467 3810 principes
481 3728 634 3825 Populos
652 3727 806 3810 βασιλέας,
829 3735 960 3786 caeteros
981 3733 1082 3786 autem
1096 3722 1186 3784 chri-

96 3821 193 3888 nane.
210 3833 339 3913 populos
361 3843 392 3894 et
405 3851 489 3912 reges
498 3873 509 3909 ,
532 3831 585 3912 qui
604 3833 770 3892 Romanum
788 3831 964 3912 pontificem
981 3829 1189 3909 agnoscebant,

97 3931 248 4004 promiscua
263 3937 387 3997 Latinos
399 3937 613 4011 nominarunt,
636 3955 653 3992 s
668 3933 775 4014 quibus
791 3932 852 4015 ipsi
866 3941 972 3994 contu
985 3931 1090 3992 Graeci
1107 3931 1188 3990 dice-

97 4025 203 4098 bantur.
242 4039 285 4100 Ut
303 4040 396 4120 igitur
407 4059 455 4101 ras
467 4041 499 4098 in
516 4037 680 4098 Occidente
690 4047 789 4116 gestae
794 4078 804 4113 ,
827 4034 987 4096 eLatinis:
1009 4035 1054 4096 sic
1067 4053 1142 4115 quse
1154 4031 1188 4090 in

98 4129 207 4197 Oriente
220 4143 429 4222 contigerunt,
452 4140 607 4202 eGraecia
626 4141 738 4202 rectius
753 4146 908 4222 petuntur.
987 4181 991 4190 ·

172 4239 272 4306 fateor
285 4243 440 4325 equidem,
462 4244 501 4305 ad
515 4245 662 4304 Zonaram
683 4243 922 4306 convertendum
943 4237 1101 4322 praemiis,
1122 4255 1140 4294 a
1159 4243 1189 4294 ta

96 4342 259 4425 propositis,
281 4366 377 4428 eoque
391 4354 526 4428 tempore
549 4345 622 4408 mihi
642 4345 895 4431 peropportunum,
917 4343 1005 4404 initio
1023 4339 1189 4401 excitatum

148 4439 308 4514 nicetem
327 4447 439 4518 meges.
473 4445 530 4500 Vol.
549 4447 572 4500 1.
963 4449 982 4506 d

13 4799 318 4819 ——u—..-d-h-
