3084 4862
330 293 433 342 xxxiv
556 277 792 350 NICEPHORI
818 275 1058 346 GREGORAE
1083 278 1199 350 VITA.

331 441 401 506 theo
415 439 441 522 ¹)
463 438 628 502 credimus:
652 437 703 500 sed
733 459 821 518 quarn
843 435 965 498 adeunti
985 436 1107 498 cuilibet
1127 439 1240 500 multos
1261 459 1316 524 per
1338 463 1431 504 annos

331 529 478 612 patuisse,
499 535 529 586 et
547 546 652 606 magna
677 525 893 604 discipulorum
907 525 1089 604 frequentia,
1110 533 1177 586 tum
1191 546 1261 588 cuns
1274 549 1322 590 res
1343 538 1430 590 trun·

332 614 442 700 quillae
461 620 567 690 essent,
589 611 721 692 quotidie
733 611 868 670 floruisse
879 620 992 669 certum
1007 619 1060 670 est.
1301 605 1303 610 ’

411 697 477 758 lllic
489 698 588 777 itaque
603 697 718 756 incluso
734 697 872 755 custodes
885 705 914 754 et
930 696 1136 776 exploratores
1149 697 1245 758 additi
1258 717 1280 757 n
1295 697 1353 780 ipsi
1366 719 1430 760 mo·

328 783 436 861 nechi,
460 805 586 864 quorum
600 793 663 843 erat
678 783 852 863 iampridem
872 781 1030 841 convictor
1045 791 1075 842 et
1090 783 1310 844 contubernalis
1316 807 1325 863 3
1348 805 1430 844 man.

328 871 491 949 datumque
502 869 572 946 illis,
589 869 779 930 nominemur
791 867 829 926 ad
841 887 908 927 eum
918 867 1035 946 ingredi
1049 867 1197 945 sinerent,
1219 879 1429 952 caverentque,

328 977 366 1017 ne
383 955 445 1016 eius
457 954 574 1016 litterae
590 957 670 1014 foras
684 955 721 1014 ad
738 973 905 1035 quenquam
922 954 1138 1033 perferrentur.
1181 953 1222 1014 Hi
1235 975 1357 1015 munera
1369 956 1430 1016 im-

327 1033 426 1124 posito
442 1039 600 1120 diligenter
614 1050 703 1120 atque
718 1041 789 1100 adeo
803 1061 907 1120 parum
923 1039 1094 1100 humaniter
1106 1040 1204 1099 suncti
1221 1049 1292 1101 sunt
1305 1038 1352 1124 ¹),
1374 1041 1430 1101 im·

326 1147 471 1188 memores
481 1126 592 1208 quippe
599 1125 820 1202 beneficiorum,
834 1125 940 1204 quibus
949 1125 1115 1184 innumeris
1127 1123 1227 1185 affecti
1235 1133 1320 1186 erant
1326 1127 1363 1186 ab
1369 1124 1430 1186 hoc

326 1222 427 1274 vetere
448 1211 568 1294 hospite
592 1221 622 1272 et
644 1213 737 1272 altero
758 1210 842 1290 quasi
861 1211 1031 1271 monasterii
1046 1211 1211 1270 conditore.
1255 1212 1323 1286 Qua
1345 1211 1382 1271 de
1396 1229 1431 1272 re
1536 1257 1537 1290 ρ

325 1296 423 1380 ipsum
444 1299 603 1378 Gregorarn
628 1306 758 1380 praestat
777 1297 880 1356 audire
902 1297 1091 1358 acerbissime
1117 1305 1349 1377 conquerentem
1369 1296 1431 1356 Hi-

325 1385 434 1444 atoriae
453 1383 530 1444 libro
552 1405 628 1446 xxti.
670 1383 752 1444 llaec
768 1403 835 1442 cum
849 1382 891 1441 ita
904 1404 935 1442 se
953 1381 1114 1459 haberent,
1139 1391 1239 1442 tamen
1251 1382 1345 1444 variis
1360 1403 1431 1441 mo-

326 1470 371 1530 dis
392 1479 506 1530 tentata
527 1469 609 1530 illius
626 1468 801 1529 constantia.
845 1468 949 1528 Preces
972 1478 1000 1527 et
1012 1467 1109 1528 minae
1127 1468 1249 1528 alternis
1266 1467 1430 1545 adhibitae,

326 1576 362 1615 ac
382 1555 420 1616 de
441 1556 602 1615 concordia
624 1553 846 1616 reconcilianda
868 1553 993 1613 subinde
1014 1563 1113 1613 actum
1136 1573 1191 1633 per
1209 1553 1430 1614 internuncios.

326 1639 385 1700 Sed
406 1661 462 1700 nec
486 1640 601 1700 missia
623 1643 829 1700 Cantacuzeno
850 1648 1016 1717 senatores,
1037 1658 1094 1698 nec
1118 1640 1268 1720 episcopi,
1292 1637 1385 1698 aliive
1413 1659 1432 1698 a

325 1723 497 1806 patriarcha
513 1736 644 1786 oratores
659 1725 801 1805 delegati,
823 1745 880 1784 nec
894 1745 1033 1805 praesens
1047 1725 1112 1805 ipse
1124 1723 1304 1806 patriarcha,
1325 1723 1432 1783 homi-

324 1831 394 1870 nem
415 1831 534 1872 movere
558 1821 740 1893 potuerunt,
762 1821 798 1871 ut
813 1811 901 1871 novis
916 1810 1044 1871 decretis
1057 1810 1267 1887 subscriberet,
1290 1811 1431 1889 equibus

324 1893 373 1955 illi
397 1917 488 1958 voces
506 1908 659 1978 suspectas
676 1907 706 1957 et
721 1895 865 1976 litigiosas
882 1896 1012 1956 sublatas
1026 1917 1087 1956 csse
1099 1895 1298 1958 affirmabant.

372 1979 374 1982 ’
409 1981 515 2061 Magna
537 1992 601 2043 erat
622 1995 651 2043 et
669 2003 813 2064 perquam
836 1992 925 2043 vetus
942 1982 1105 2062 Gregoram
1125 1981 1246 2041 interut
1262 1979 1431 2039 Cabasilam

322 2065 468 2127 amicitiae
498 2068 727 2148 studiorumque
754 2067 941 2128 coniunctio:
971 2088 1027 2148 par
1053 2066 1209 2127 amborum
1227 2067 1315 2126 fama.
1368 2063 1432 2126 Sed

322 2151 483 2232 Gregoram
503 2175 592 2214 omne
610 2153 786 2216 eruditionis
799 2175 912 2234 genus,
938 2151 1103 2213 Cabasilam
1124 2173 1188 2212 non
1204 2162 1265 2212 tam
1278 2149 1431 2228 doctrina,

233 2245 239 2254 ’
321 2257 410 2317 quam
434 2240 586 2318 ingenium
611 2239 760 2300 excellens
787 2250 818 2300 et
839 2239 985 2305 naturalis
1007 2238 1154 2319 quaedam
1175 2235 1316 2298 facundia
1335 2257 1431 2297 orna-

320 2322 373 2383 bat
389 2323 430 2400 ι).
472 2325 510 2384 Et
531 2324 613 2385 hune
624 2325 733 2406 igitur,
755 2345 849 2406 quum
863 2325 988 2385 cacteris
1004 2323 1173 2386 oratoribus
1187 2322 1429 2398 melanensium,

321 2408 360 2467 ad
374 2409 538 2489 Gregorarn
559 2410 639 2472 mitti
655 2410 788 2492 placuit,
811 2430 971 2490 coramque
983 2411 1011 2470 ei
1026 2411 1115 2470 datus
1127 2429 1207 2470 unus
1218 2429 1257 2468 ex
1273 2407 1431 2488 primariis

320 2495 437 2554 Callisti
457 2497 644 2576 patriarchae
661 2496 852 2557 administris.
894 2495 998 2558 Abhis
1012 2496 1132 2556 eaedem
1154 2513 1260 2555 rursus
1274 2493 1431 2574 quaestio·

319 2581 514 2661 nesagitatae.
531 2583 627 2662 Longi
642 2593 742 2644 autem
752 2581 896 2662 colloquii
904 2580 934 2663 4)
942 2581 1022 2644 idem
1033 2581 1088 2662 qui
1096 2581 1235 2664 priorum
1242 2579 1432 2660 disputatio·
1536 2583 1537 2596 ¹

318 2681 393 2726 num
419 2669 535 2730 fructus
558 2667 668 2730 extitit.
709 2668 755 2730 Ac
781 2669 831 2729 illi
857 2668 995 2749 quidem,
1015 2667 1123 2728 minati
1149 2675 1282 2728 exnsmn
1303 2662 1431 2745 (nempe

319 2751 381 2812 eius
404 2755 573 2832 orationes,
594 2755 628 2815 in
647 2757 827 2816 Sanctorum
851 2754 936 2815 lestis
954 2753 1076 2814 recitari
1103 2752 1223 2829 solitas,
1244 2751 1343 2830 ignem
1361 2767 1433 2810 esso

318 2835 505 2913 deleturum
527 2840 629 2921 ipsum
657 2861 728 2902 vero
747 2849 818 2921 post
834 2847 963 2900 mortem
982 2847 1067 2900 extra
1082 2836 1172 2899 Urbis
1188 2836 1305 2898 moenia
1321 2835 1431 2917 proie-

319 2931 401 2980 ctum
412 2923 452 2983 iri
474 2944 510 2984 ac
528 2925 682 3004 sepultura
696 2923 883 3005 cariturum),
897 2943 1037 2984 successa
1050 2923 1209 3004 desperato
1220 2929 1428 2984 mensarum.

195 3033 198 3043 s
316 3005 408 3066 illum
423 3016 523 3069 autem
537 3009 643 3070 dunos·
656 3031 747 3092 quam
758 3020 844 3071 antea
858 3009 1053 3091 circumsedit
1065 3008 1192 3089 vigilum
1205 3003 1432 3069 monachornm

317 3093 463 3239 cusloip·
472 3199 619 3240 morosam
646 3180 853 3240 excubitorum
871 3179 1059 3260 vigssantiam
1083 3179 1169 3241 bravi
1187 3177 1295 3240 lelallit
1312 3176 1433 3238 veteris

314 3263 474 3344 fidelisque
487 3265 574 3324 amici
588 3265 726 3343 solertia,
748 3265 878 3326 simodo
897 3285 969 3327 vera
984 3276 1055 3328 sunt
1067 3285 1110 3342 ea,
1133 3284 1207 3345 quaa
1222 3263 1369 3343 aragona
1387 3261 1433 3322 de

314 3349 538 3432 Agathangelo,
563 3351 726 3412 callistrati
746 3351 828 3430 lilio,
847 3361 1003 3418 memorat.
1047 3352 1160 3433 Nempe
1184 3357 1313 3412 memte
1341 3367 1432 3408 anno

350 3547 474 3690 ur
485 3545 1432 3694 tastuaarumexstructurum

381 3691 430 3744 sul
445 3689 630 3760 δυσχεραίνων
647 3688 749 3750 denval
768 3695 816 3752 καὶ
832 3693 903 3766 πρὸς
916 3689 1008 3764 αὐτὴν
1023 3690 1075 3780 τῂν
1094 3687 1205 3762 συνήθη
1218 3687 1361 3759 καθέδραν
1374 3687 1434 3744 καί

381 3755 439 3843 τδυ
446 3761 583 3826 οἰκίσκον,
599 3759 628 3830 ἐξ
642 3759 771 3820 ἀπόπτου
786 3759 835 3819 dari
853 3782 930 3826 τινος
942 3773 1113 3852 repausatur
1126 3761 1248 3831 θυρίδος
1264 3761 1377 3826 (καίτοι
1393 3776 1431 3843 gs

382 3831 490 3896 ψευδος
508 3831 556 3886 καί
575 3825 645 3887 naicd
666 3837 768 3900 τοῦτο,
784 3835 835 3903 τῆς
848 3835 940 3896 οἰκίας
954 3835 1032 3904 αυτῷ
1044 3827 1215 3922 χαμαιζήλου
1228 3828 1275 3886 καί
1286 3845 1431 3916 ταυξοιης

381 3894 482 3970 οὔσης,
499 3899 546 3956 ⁸1¹2
557 3903 693 3970 μηδαμῶς
708 3906 867 3974 πεφυκυίας
883 3901 955 3972 πρὸς
972 3908 1077 3959 ταῦτα·
1095 3897 1165 3957 ἄλλα
1183 3899 1231 3955 καί
1244 3903 1305 3963 τοῖς
1320 3915 1435 3968 unmo-

382 3967 445 4031 δῦτε
460 3973 519 4033 τοῖς
537 3969 588 4037 ἔξω
605 3971 735 4041 μηδόίας
750 3972 997 4044 προσεγγιζουοηρ,
1015 3969 1093 4029 nost
1112 3964 1351 4042 diratiocinare)
1370 3965 1436 4032 τὰς

381 4033 482 4108 ἀγυιᾶς
495 4039 543 4094 καί
557 4039 608 4104 cde
620 4038 750 4109 τριόδους
763 4041 880 4108 ἐσκόπει,
897 4040 1070 4114 παραψυχήν
1082 4059 1147 4096 τινα
1163 4041 1287 4110 πορίζειν
1301 4042 1362 4100 τοῖς
1378 4040 1436 4093 λο-

376 4113 486 4232 lii⁹i²⁹
503 4107 814 4247 &hillidii
839 4111 991 4238 lll⁰t⁰¹t
1012 4110 1154 4249 miii}
1178 4109 1285 4232 coiai
1312 4107 1434 4230 iffi·

381 4264 405 4302 ο.
418 4216 445 4303 5.
463 4217 470 4230 ⁶
489 4249 547 4374 t4)
565 4199 702 4321 Gregslrae
722 4222 864 4326 disputitio
884 4218 1085 4308 emebbasila
1103 4197 1267 4305 siuilliae.
1291 4246 1335 4302 lib.
1349 4257 1434 4298 xm.

380 4333 489 4373 nnnc
511 4335 587 4372 urs.
