<?xml version="1.0" encoding="UTF-8"?>
<!DOCTYPE html PUBLIC "-//W3C//DTD XHTML 1.0 Transitional//EN"
    "http://www.w3.org/TR/xhtml1/DTD/xhtml1-transitional.dtd">
<html xmlns="http://www.w3.org/1999/xhtml" xml:lang="en" lang="en">
 <head>
  <title>
</title>
<meta http-equiv="Content-Type" content="text/html;charset=utf-8" />
  <meta name='ocr-system' content='tesseract 3.04.00' />
  <meta name='ocr-capabilities' content='ocr_page ocr_carea ocr_par ocr_line ocrx_word'/>
</head>
<body>
  <div class='ocr_page' id='page_1' title='image "./nicephorigregor06schogoog_0031.png"; bbox 0 0 3084 4862; ppageno 0'>
   <div class='ocr_carea' id='block_1_1' title="bbox 315 265 1181 342">
    <p class='ocr_par' dir='ltr' id='par_1_1' title="bbox 315 265 1181 342">
     <span class='ocr_line' id='line_1_1' title="bbox 315 265 1181 342; baseline 0.003 -6"><span class='ocrx_word' id='word_1_1' title='bbox 315 285 360 336; x_wconf 84' lang='lat' dir='ltr'><strong>xx</strong></span> <span class='ocrx_word' id='word_1_2' title='bbox 536 265 772 341; x_wconf 79' lang='lat' dir='ltr'>NICEPHORI</span> <span class='ocrx_word' id='word_1_3' title='bbox 798 265 1040 340; x_wconf 78' lang='lat' dir='ltr'><strong>GuEGoRsE</strong></span> <span class='ocrx_word' id='word_1_4' title='bbox 1065 269 1181 342; x_wconf 75' lang='lat' dir='ltr'>VITA.</span> 
     </span>
    </p>
   </div>
   <div class='ocr_carea' id='block_1_2' title="bbox 315 427 1419 1026">
    <p class='ocr_par' dir='ltr' id='par_1_2' title="bbox 315 427 1419 856">
     <span class='ocr_line' id='line_1_2' title="bbox 315 427 1418 514; baseline -0.003 -18"><span class='ocrx_word' id='word_1_5' title='bbox 315 452 385 496; x_wconf 85' lang='lat' dir='ltr'><strong>eum</strong></span> <span class='ocrx_word' id='word_1_6' title='bbox 401 431 475 494; x_wconf 78' lang='lat' dir='ltr'><strong>iecit</strong></span> <span class='ocrx_word' id='word_1_7' title='bbox 494 429 665 514; x_wconf 84' lang='lat' dir='ltr'><strong>patriarcba</strong></span> <span class='ocrx_word' id='word_1_8' title='bbox 681 428 857 492; x_wconf 84' lang='lat' dir='ltr'><strong>Philotbeus</strong></span> <span class='ocrx_word' id='word_1_9' title='bbox 877 429 912 490; x_wconf 90' lang='lat' dir='ltr'><strong>in</strong></span> <span class='ocrx_word' id='word_1_10' title='bbox 926 427 1138 492; x_wconf 70' lang='lat' dir='ltr'><strong>dulbrbeticis</strong></span> <span class='ocrx_word' id='word_1_11' title='bbox 1153 427 1190 512; x_wconf 86' lang='lat'><strong>¹).</strong></span> <span class='ocrx_word' id='word_1_12' title='bbox 1225 429 1293 514; x_wconf 82' lang='lat' dir='ltr'><strong>lpoe</strong></span> <span class='ocrx_word' id='word_1_13' title='bbox 1304 430 1337 492; x_wconf 89' lang='lat' dir='ltr'><strong>in</strong></span> <span class='ocrx_word' id='word_1_14' title='bbox 1349 429 1418 493; x_wconf 83' lang='lat' dir='ltr'><strong>‹lia-</strong></span> 
     </span>
     <span class='ocr_line' id='line_1_3' title="bbox 316 515 1417 600; baseline -0.001 -21"><span class='ocrx_word' id='word_1_15' title='bbox 316 519 385 598; x_wconf 83' lang='lat' dir='ltr'><strong>logo</strong></span> <span class='ocrx_word' id='word_1_16' title='bbox 399 515 437 578; x_wconf 80' lang='lat' dir='ltr'><strong>de</strong></span> <span class='ocrx_word' id='word_1_17' title='bbox 449 520 609 600; x_wconf 71' lang='lat' dir='ltr'><em>Sapientia</em></span> <span class='ocrx_word' id='word_1_18' title='bbox 628 527 721 578; x_wconf 80' lang='lat' dir='ltr'><strong>vocet</strong></span> <span class='ocrx_word' id='word_1_19' title='bbox 741 536 774 577; x_wconf 90' lang='lat' dir='ltr'><strong>sc</strong></span> <span class='ocrx_word' id='word_1_20' title='bbox 795 515 1012 578; x_wconf 83' lang='lat' dir='ltr'><strong>Heracleotam.</strong></span> <span class='ocrx_word' id='word_1_21' title='bbox 1054 515 1244 577; x_wconf 78' lang='lat' dir='ltr'><strong>Avunculum</strong></span> <span class='ocrx_word' id='word_1_22' title='bbox 1259 526 1339 578; x_wconf 78' lang='lat' dir='ltr'><strong>ceste</strong></span> <span class='ocrx_word' id='word_1_23' title='bbox 1359 515 1417 578; x_wconf 84' lang='lat' dir='ltr'><strong>lsa-</strong></span> 
     </span>
     <span class='ocr_line' id='line_1_4' title="bbox 316 601 1419 686; baseline 0.002 -24"><span class='ocrx_word' id='word_1_24' title='bbox 316 603 384 664; x_wconf 90' lang='lat' dir='ltr'><strong>buit</strong></span> <span class='ocrx_word' id='word_1_25' title='bbox 402 603 543 664; x_wconf 87' lang='lat' dir='ltr'><strong>loannem</strong></span> <span class='ocrx_word' id='word_1_26' title='bbox 558 601 587 686; x_wconf 86' lang='lat'><strong>¹)</strong></span> <span class='ocrx_word' id='word_1_27' title='bbox 609 601 770 664; x_wconf 75' lang='lat' dir='ltr'>Heracleae</span> <span class='ocrx_word' id='word_1_28' title='bbox 791 601 1075 684; x_wconf 72' lang='lat' dir='ltr'><strong>metropolitem,</strong></span> <span class='ocrx_word' id='word_1_29' title='bbox 1097 601 1160 661; x_wconf 88' lang='lat' dir='ltr'><strong>eius</strong></span> <span class='ocrx_word' id='word_1_30' title='bbox 1187 602 1319 680; x_wconf 88' lang='lat' dir='ltr'><strong>scilicet,</strong></span> <span class='ocrx_word' id='word_1_31' title='bbox 1341 621 1419 682; x_wconf 86' lang='lat' dir='ltr'><strong>quse</strong></span> 
     </span>
     <span class='ocr_line' id='line_1_5' title="bbox 317 683 1417 768; baseline -0.003 -18"><span class='ocrx_word' id='word_1_32' title='bbox 317 687 458 750; x_wconf 73' lang='lat' dir='ltr'><strong>Hmacles</strong></span> <span class='ocrx_word' id='word_1_33' title='bbox 478 688 566 750; x_wconf 87' lang='lat' dir='ltr'><strong>Ponti</strong></span> <span class='ocrx_word' id='word_1_34' title='bbox 585 687 698 749; x_wconf 86' lang='lat' dir='ltr'><strong>dicitur</strong></span> <span class='ocrx_word' id='word_1_35' title='bbox 718 697 749 748; x_wconf 92' lang='lat' dir='ltr'><strong>et</strong></span> <span class='ocrx_word' id='word_1_36' title='bbox 770 687 826 747; x_wconf 87' lang='lat' dir='ltr'><strong>sits</strong></span> <span class='ocrx_word' id='word_1_37' title='bbox 846 697 891 749; x_wconf 89' lang='lat' dir='ltr'><strong>cst</strong></span> <span class='ocrx_word' id='word_1_38' title='bbox 912 686 946 748; x_wconf 89' lang='lat' dir='ltr'><strong>iu</strong></span> <span class='ocrx_word' id='word_1_39' title='bbox 966 687 1077 748; x_wconf 79' lang='lat' dir='ltr'><strong>finibus</strong></span> <span class='ocrx_word' id='word_1_40' title='bbox 1099 683 1324 768; x_wconf 84' lang='lat' dir='ltr'><strong>Paphlagoniae.</strong></span> <span class='ocrx_word' id='word_1_41' title='bbox 1373 687 1417 747; x_wconf 86' lang='lat' dir='ltr'><strong>De</strong></span> 
     </span>
     <span class='ocr_line' id='line_1_6' title="bbox 316 771 1289 856; baseline -0.002 -21"><span class='ocrx_word' id='word_1_42' title='bbox 316 773 491 856; x_wconf 85' lang='lat' dir='ltr'><strong>perentibus</strong></span> <span class='ocrx_word' id='word_1_43' title='bbox 507 773 631 852; x_wconf 86' lang='lat' dir='ltr'><strong>aliisque</strong></span> <span class='ocrx_word' id='word_1_44' title='bbox 648 771 781 852; x_wconf 85' lang='lat' dir='ltr'><strong>cognatis</strong></span> <span class='ocrx_word' id='word_1_45' title='bbox 796 771 872 832; x_wconf 89' lang='lat' dir='ltr'><strong>nibil</strong></span> <span class='ocrx_word' id='word_1_46' title='bbox 887 772 1046 833; x_wconf 85' lang='lat' dir='ltr'><strong>memoriae</strong></span> <span class='ocrx_word' id='word_1_47' title='bbox 1065 772 1219 851; x_wconf 88' lang='lat' dir='ltr'><strong>proditum</strong></span> <span class='ocrx_word' id='word_1_48' title='bbox 1233 781 1289 833; x_wconf 88' lang='lat' dir='ltr'><strong>est.</strong></span> 
     </span>
    </p>

    <p class='ocr_par' dir='ltr' id='par_1_3' title="bbox 317 855 1419 1026">
     <span class='ocr_line' id='line_1_7' title="bbox 400 855 1418 939; baseline -0.003 -20"><span class='ocrx_word' id='word_1_49' title='bbox 400 859 438 919; x_wconf 91' lang='lat' dir='ltr'><strong>lu</strong></span> <span class='ocrx_word' id='word_1_50' title='bbox 464 877 499 919; x_wconf 88' lang='lat' dir='ltr'><strong>ea</strong></span> <span class='ocrx_word' id='word_1_51' title='bbox 528 859 603 920; x_wconf 86' lang='lat' dir='ltr'><strong>urbe</strong></span> <span class='ocrx_word' id='word_1_52' title='bbox 632 857 778 919; x_wconf 87' lang='lat' dir='ltr'><strong>educatus</strong></span> <span class='ocrx_word' id='word_1_53' title='bbox 797 857 894 938; x_wconf 89' lang='lat' dir='ltr'><strong>prima</strong></span> <span class='ocrx_word' id='word_1_54' title='bbox 916 856 1041 939; x_wconf 89' lang='lat' dir='ltr'><strong>puerilia</strong></span> <span class='ocrx_word' id='word_1_55' title='bbox 1063 856 1219 917; x_wconf 84' lang='lat' dir='ltr'><strong>doctrinae</strong></span> <span class='ocrx_word' id='word_1_56' title='bbox 1245 855 1418 918; x_wconf 82' lang='lat' dir='ltr'><strong>rudimenta</strong></span> 
     </span>
     <span class='ocr_line' id='line_1_8' title="bbox 317 939 1419 1026; baseline -0.003 -20"><span class='ocrx_word' id='word_1_57' title='bbox 317 941 375 1006; x_wconf 86' lang='lat' dir='ltr'><strong>sab</strong></span> <span class='ocrx_word' id='word_1_58' title='bbox 401 943 534 1005; x_wconf 85' lang='lat' dir='ltr'><strong>antistite</strong></span> <span class='ocrx_word' id='word_1_59' title='bbox 562 943 713 1004; x_wconf 83' lang='lat' dir='ltr'><strong>avunculo</strong></span> <span class='ocrx_word' id='word_1_60' title='bbox 734 941 846 1026; x_wconf 76' lang='lat' dir='ltr'><strong>possuit.</strong></span> <span class='ocrx_word' id='word_1_61' title='bbox 898 942 973 1004; x_wconf 90' lang='lat' dir='ltr'><strong>lnde</strong></span> <span class='ocrx_word' id='word_1_62' title='bbox 989 939 1017 1024; x_wconf 62' lang='grc'><strong>8)</strong></span> <span class='ocrx_word' id='word_1_63' title='bbox 1048 942 1213 1004; x_wconf 75' lang='grc' dir='ltr'><strong>ῑηηιΙιῐω</strong></span> <span class='ocrx_word' id='word_1_64' title='bbox 1237 942 1419 1024; x_wconf 73' lang='lat' dir='ltr'><strong>Byzantium</strong></span> 
     </span>
    </p>
   </div>
   <div class='ocr_carea' id='block_1_3' title="bbox 314 1025 1536 1112">
    <p class='ocr_par' dir='ltr' id='par_1_4' title="bbox 314 1025 1536 1112">
     <span class='ocr_line' id='line_1_9' title="bbox 314 1025 1536 1112; baseline -0.004 -21"><span class='ocrx_word' id='word_1_65' title='bbox 314 1027 443 1091; x_wconf 76' lang='lat' dir='ltr'><strong>tradidit</strong></span> <span class='ocrx_word' id='word_1_66' title='bbox 456 1048 487 1090; x_wconf 93' lang='lat' dir='ltr'><strong>se</strong></span> <span class='ocrx_word' id='word_1_67' title='bbox 501 1030 535 1088; x_wconf 90' lang='lat' dir='ltr'><strong>iu</strong></span> <span class='ocrx_word' id='word_1_68' title='bbox 549 1028 740 1112; x_wconf 86' lang='lat' dir='ltr'><strong>disciplinam</strong></span> <span class='ocrx_word' id='word_1_69' title='bbox 762 1027 951 1110; x_wconf 77' lang='lat' dir='ltr'><strong>petr-iarebae</strong></span> <span class='ocrx_word' id='word_1_70' title='bbox 967 1027 1085 1088; x_wconf 85' lang='lat' dir='ltr'><strong>loannis</strong></span> <span class='ocrx_word' id='word_1_71' title='bbox 1101 1027 1247 1107; x_wconf 78' lang='lat' dir='ltr'><strong>Glyosos,</strong></span> <span class='ocrx_word' id='word_1_72' title='bbox 1267 1026 1321 1108; x_wconf 86' lang='lat' dir='ltr'><strong>qui</strong></span> <span class='ocrx_word' id='word_1_73' title='bbox 1335 1025 1419 1109; x_wconf 86' lang='lat' dir='ltr'><strong>spud</strong></span> <span class='ocrx_word' id='word_1_74' title='bbox 1535 1075 1536 1078; x_wconf 63' lang='lat'>,</span> 
     </span>
    </p>
   </div>
   <div class='ocr_carea' id='block_1_4' title="bbox 314 1112 1420 1452">
    <p class='ocr_par' dir='ltr' id='par_1_5' title="bbox 314 1112 1420 1452">
     <span class='ocr_line' id='line_1_10' title="bbox 315 1112 1419 1195; baseline 0 -21"><span class='ocrx_word' id='word_1_75' title='bbox 315 1113 398 1175; x_wconf 89' lang='lat' dir='ltr'><strong>illius</strong></span> <span class='ocrx_word' id='word_1_76' title='bbox 418 1113 486 1174; x_wconf 82' lang='lat' dir='ltr'><strong>sevi</strong></span> <span class='ocrx_word' id='word_1_77' title='bbox 505 1113 643 1176; x_wconf 88' lang='lat' dir='ltr'><strong>homiues</strong></span> <span class='ocrx_word' id='word_1_78' title='bbox 668 1113 882 1176; x_wconf 85' lang='lat' dir='ltr'><strong>disertissimus</strong></span> <span class='ocrx_word' id='word_1_79' title='bbox 903 1124 934 1174; x_wconf 89' lang='lat' dir='ltr'><strong>et</strong></span> <span class='ocrx_word' id='word_1_80' title='bbox 952 1113 1046 1174; x_wconf 74' lang='lat' dir='ltr'><strong>Attici</strong></span> <span class='ocrx_word' id='word_1_81' title='bbox 1059 1113 1206 1174; x_wconf 88' lang='lat' dir='ltr'><strong>sermonis</strong></span> <span class='ocrx_word' id='word_1_82' title='bbox 1219 1112 1419 1195; x_wconf 85' lang='lat' dir='ltr'><strong>peritissimus</strong></span> 
     </span>
     <span class='ocr_line' id='line_1_11' title="bbox 314 1195 1419 1282; baseline -0.002 -22"><span class='ocrx_word' id='word_1_83' title='bbox 314 1197 481 1261; x_wconf 87' lang='lat' dir='ltr'><strong>bsbebstur</strong></span> <span class='ocrx_word' id='word_1_84' title='bbox 494 1195 533 1282; x_wconf 81' lang='lat'><strong>⁴).</strong></span> <span class='ocrx_word' id='word_1_85' title='bbox 575 1198 648 1260; x_wconf 83' lang='lat' dir='ltr'><strong>Eius</strong></span> <span class='ocrx_word' id='word_1_86' title='bbox 670 1209 771 1259; x_wconf 85' lang='lat' dir='ltr'><strong>autem</strong></span> <span class='ocrx_word' id='word_1_87' title='bbox 793 1197 946 1280; x_wconf 86' lang='lat' dir='ltr'><strong>pontificis</strong></span> <span class='ocrx_word' id='word_1_88' title='bbox 967 1198 1184 1259; x_wconf 86' lang='lat' dir='ltr'><strong>consuetudine</strong></span> <span class='ocrx_word' id='word_1_89' title='bbox 1199 1197 1351 1258; x_wconf 89' lang='lat' dir='ltr'><strong>studiosus</strong></span> <span class='ocrx_word' id='word_1_90' title='bbox 1365 1198 1419 1258; x_wconf 90' lang='lat' dir='ltr'><strong>iu-</strong></span> 
     </span>
     <span class='ocr_line' id='line_1_12' title="bbox 316 1281 1420 1365; baseline -0.003 -19"><span class='ocrx_word' id='word_1_91' title='bbox 316 1281 442 1365; x_wconf 78' lang='lat' dir='ltr'><strong>renis⁸)</strong></span> <span class='ocrx_word' id='word_1_92' title='bbox 474 1292 632 1365; x_wconf 87' lang='lat' dir='ltr'><strong>tantopere</strong></span> <span class='ocrx_word' id='word_1_93' title='bbox 657 1284 874 1360; x_wconf 82' lang='lat' dir='ltr'><strong>delectabatur,</strong></span> <span class='ocrx_word' id='word_1_94' title='bbox 902 1293 938 1344; x_wconf 89' lang='lat' dir='ltr'><strong>ut</strong></span> <span class='ocrx_word' id='word_1_95' title='bbox 955 1283 1009 1344; x_wconf 88' lang='lat' dir='ltr'><strong>diu</strong></span> <span class='ocrx_word' id='word_1_96' title='bbox 1026 1292 1179 1364; x_wconf 88' lang='lat' dir='ltr'><strong>noctuque</strong></span> <span class='ocrx_word' id='word_1_97' title='bbox 1198 1283 1235 1343; x_wconf 84' lang='lat' dir='ltr'><strong>ab</strong></span> <span class='ocrx_word' id='word_1_98' title='bbox 1262 1281 1344 1343; x_wconf 90' lang='lat' dir='ltr'><strong>illius</strong></span> <span class='ocrx_word' id='word_1_99' title='bbox 1365 1301 1420 1344; x_wconf 92' lang='lat' dir='ltr'><strong>ore</strong></span> 
     </span>
     <span class='ocr_line' id='line_1_13' title="bbox 314 1366 1419 1452; baseline -0.002 -22"><span class='ocrx_word' id='word_1_100' title='bbox 314 1369 469 1452; x_wconf 85' lang='lat' dir='ltr'><strong>penderet.</strong></span> <span class='ocrx_word' id='word_1_101' title='bbox 509 1369 648 1430; x_wconf 82' lang='lat' dir='ltr'><strong>Vicissim</strong></span> <span class='ocrx_word' id='word_1_102' title='bbox 669 1368 730 1451; x_wconf 89' lang='lat' dir='ltr'><strong>ipsi</strong></span> <span class='ocrx_word' id='word_1_103' title='bbox 744 1367 933 1450; x_wconf 74' lang='lat' dir='ltr'><strong>patriarchae</strong></span> <span class='ocrx_word' id='word_1_104' title='bbox 952 1369 996 1430; x_wconf 90' lang='lat' dir='ltr'><strong>sio</strong></span> <span class='ocrx_word' id='word_1_105' title='bbox 1011 1369 1154 1450; x_wconf 85' lang='lat' dir='ltr'><strong>discipuli</strong></span> <span class='ocrx_word' id='word_1_106' title='bbox 1169 1369 1257 1429; x_wconf 88' lang='lat' dir='ltr'><strong>stilus</strong></span> <span class='ocrx_word' id='word_1_107' title='bbox 1269 1366 1419 1450; x_wconf 73' lang='lat' dir='ltr'><strong>placebat,</strong></span> 
     </span>
    </p>
   </div>
   <div class='ocr_carea' id='block_1_5' title="bbox 223 1451 1421 1534">
    <p class='ocr_par' dir='ltr' id='par_1_6' title="bbox 223 1451 1421 1534">
     <span class='ocr_line' id='line_1_14' title="bbox 223 1451 1421 1534; baseline -0.002 -17"><span class='ocrx_word' id='word_1_108' title='bbox 223 1461 229 1472; x_wconf 78' lang='lat'><strong><em>¹</em></strong></span> <span class='ocrx_word' id='word_1_109' title='bbox 314 1463 352 1518; x_wconf 85' lang='lat' dir='ltr'><strong>ut</strong></span> <span class='ocrx_word' id='word_1_110' title='bbox 373 1474 460 1531; x_wconf 84' lang='lat' dir='ltr'><strong>eum,</strong></span> <span class='ocrx_word' id='word_1_111' title='bbox 486 1454 577 1534; x_wconf 84' lang='lat' dir='ltr'><strong>longo</strong></span> <span class='ocrx_word' id='word_1_112' title='bbox 599 1455 705 1514; x_wconf 87' lang='lat' dir='ltr'><strong>morbo</strong></span> <span class='ocrx_word' id='word_1_113' title='bbox 731 1452 901 1515; x_wconf 79' lang='lat' dir='ltr'><strong>dobiliuuu</strong></span> <span class='ocrx_word' id='word_1_114' title='bbox 916 1451 960 1534; x_wconf 66' lang='grc' dir='ltr'><strong>θ),</strong></span> <span class='ocrx_word' id='word_1_115' title='bbox 982 1463 1193 1515; x_wconf 69' lang='lat' dir='ltr'><strong>tastamentum</strong></span> <span class='ocrx_word' id='word_1_116' title='bbox 1215 1452 1271 1514; x_wconf 87' lang='lat' dir='ltr'><strong>sibi</strong></span> <span class='ocrx_word' id='word_1_117' title='bbox 1288 1453 1421 1515; x_wconf 75' lang='lat' dir='ltr'><strong>scribom</strong></span> 
     </span>
    </p>
   </div>
   <div class='ocr_carea' id='block_1_6' title="bbox 250 1537 1425 2896">
    <p class='ocr_par' dir='ltr' id='par_1_7' title="bbox 250 1537 726 1620">
     <span class='ocr_line' id='line_1_15' title="bbox 250 1537 726 1620; baseline 0 -18"><span class='ocrx_word' id='word_1_118' title='bbox 250 1539 252 1544; x_wconf 73' lang='grc'><strong>’</strong></span> <span class='ocrx_word' id='word_1_119' title='bbox 315 1548 347 1602; x_wconf 90' lang='lat' dir='ltr'><strong>ot</strong></span> <span class='ocrx_word' id='word_1_120' title='bbox 362 1559 541 1620; x_wconf 87' lang='lat' dir='ltr'><strong>componere</strong></span> <span class='ocrx_word' id='word_1_121' title='bbox 555 1539 673 1600; x_wconf 79' lang='lat' dir='ltr'><strong>iusserit</strong></span> <span class='ocrx_word' id='word_1_122' title='bbox 686 1537 726 1618; x_wconf 74' lang='grc'><strong>1).</strong></span> 
     </span>
    </p>

    <p class='ocr_par' dir='ltr' id='par_1_8' title="bbox 310 1622 1425 2896">
     <span class='ocr_line' id='line_1_16' title="bbox 400 1622 1422 1705; baseline 0.001 -22"><span class='ocrx_word' id='word_1_123' title='bbox 400 1625 443 1684; x_wconf 85' lang='lat' dir='ltr'><strong>Ut</strong></span> <span class='ocrx_word' id='word_1_124' title='bbox 456 1624 490 1683; x_wconf 89' lang='lat' dir='ltr'><strong>in</strong></span> <span class='ocrx_word' id='word_1_125' title='bbox 502 1623 662 1684; x_wconf 85' lang='lat' dir='ltr'><strong>rhetoricis</strong></span> <span class='ocrx_word' id='word_1_126' title='bbox 683 1622 899 1705; x_wconf 82' lang='lat' dir='ltr'><strong>patriarcham,</strong></span> <span class='ocrx_word' id='word_1_127' title='bbox 923 1623 966 1684; x_wconf 86' lang='lat' dir='ltr'><strong>ita</strong></span> <span class='ocrx_word' id='word_1_128' title='bbox 985 1624 1018 1684; x_wconf 88' lang='lat' dir='ltr'><strong>in</strong></span> <span class='ocrx_word' id='word_1_129' title='bbox 1045 1623 1254 1685; x_wconf 73' lang='lat' dir='ltr'><strong>astronomicis</strong></span> <span class='ocrx_word' id='word_1_130' title='bbox 1277 1643 1422 1703; x_wconf 78' lang='lat' dir='ltr'><strong>magnum</strong></span> 
     </span>
     <span class='ocr_line' id='line_1_17' title="bbox 315 1707 1422 1788; baseline 0 -18"><span class='ocrx_word' id='word_1_131' title='bbox 315 1707 510 1788; x_wconf 80' lang='lat' dir='ltr'><strong>bogotbctam</strong></span> <span class='ocrx_word' id='word_1_132' title='bbox 530 1710 704 1788; x_wconf 82' lang='lat' dir='ltr'><strong>magistrum</strong></span> <span class='ocrx_word' id='word_1_133' title='bbox 731 1709 927 1769; x_wconf 79' lang='lat' dir='ltr'><strong>excellentem</strong></span> <span class='ocrx_word' id='word_1_134' title='bbox 945 1708 1060 1770; x_wconf 80' lang='lat' dir='ltr'><strong>babuit.</strong></span> <span class='ocrx_word' id='word_1_135' title='bbox 1100 1711 1174 1771; x_wconf 79' lang='lat' dir='ltr'><strong>Erat</strong></span> <span class='ocrx_word' id='word_1_136' title='bbox 1191 1710 1218 1769; x_wconf 86' lang='lat' dir='ltr'><strong>is</strong></span> <span class='ocrx_word' id='word_1_137' title='bbox 1241 1707 1422 1770; x_wconf 82' lang='lat' dir='ltr'><strong>Theodorus</strong></span> 
     </span>
     <span class='ocr_line' id='line_1_18' title="bbox 315 1792 1423 1875; baseline -0.005 -17"><span class='ocrx_word' id='word_1_138' title='bbox 315 1792 508 1858; x_wconf 83' lang='lat' dir='ltr'><strong>bletocbites:</strong></span> <span class='ocrx_word' id='word_1_139' title='bbox 530 1794 584 1875; x_wconf 85' lang='lat' dir='ltr'><strong>qui</strong></span> <span class='ocrx_word' id='word_1_140' title='bbox 601 1794 720 1875; x_wconf 86' lang='lat' dir='ltr'><strong>quidem</strong></span> <span class='ocrx_word' id='word_1_141' title='bbox 739 1793 850 1872; x_wconf 82' lang='lat' dir='ltr'><strong>initio,</strong></span> <span class='ocrx_word' id='word_1_142' title='bbox 871 1794 936 1854; x_wconf 82' lang='lat' dir='ltr'><strong>sive</strong></span> <span class='ocrx_word' id='word_1_143' title='bbox 952 1793 1101 1874; x_wconf 82' lang='lat' dir='ltr'><strong>Gregorue</strong></span> <span class='ocrx_word' id='word_1_144' title='bbox 1118 1794 1313 1855; x_wconf 85' lang='lat' dir='ltr'><strong>adolescentis</strong></span> <span class='ocrx_word' id='word_1_145' title='bbox 1329 1795 1423 1872; x_wconf 81' lang='lat' dir='ltr'><strong>inge-</strong></span> 
     </span>
     <span class='ocr_line' id='line_1_19' title="bbox 315 1877 1421 1962; baseline -0.005 -19"><span class='ocrx_word' id='word_1_146' title='bbox 315 1879 401 1943; x_wconf 86' lang='lat' dir='ltr'><strong>nium</strong></span> <span class='ocrx_word' id='word_1_147' title='bbox 413 1878 547 1940; x_wconf 85' lang='lat' dir='ltr'><strong>nondum</strong></span> <span class='ocrx_word' id='word_1_148' title='bbox 562 1889 759 1962; x_wconf 80' lang='lat' dir='ltr'><strong>perseverat,</strong></span> <span class='ocrx_word' id='word_1_149' title='bbox 781 1879 844 1940; x_wconf 89' lang='lat' dir='ltr'><strong>sive</strong></span> <span class='ocrx_word' id='word_1_150' title='bbox 858 1899 967 1940; x_wconf 80' lang='lat' dir='ltr'><strong>arcana</strong></span> <span class='ocrx_word' id='word_1_151' title='bbox 980 1877 1174 1941; x_wconf 83' lang='lat' dir='ltr'><strong>scientiarum</strong></span> <span class='ocrx_word' id='word_1_152' title='bbox 1189 1889 1299 1940; x_wconf 89' lang='lat' dir='ltr'><strong>temere</strong></span> <span class='ocrx_word' id='word_1_153' title='bbox 1313 1878 1421 1954; x_wconf 82' lang='lat' dir='ltr'><strong>divul-</strong></span> 
     </span>
     <span class='ocr_line' id='line_1_20' title="bbox 314 1963 1423 2047; baseline 0.003 -24"><span class='ocrx_word' id='word_1_154' title='bbox 314 1964 380 2046; x_wconf 79' lang='lat' dir='ltr'><strong>gari</strong></span> <span class='ocrx_word' id='word_1_155' title='bbox 401 1963 484 2024; x_wconf 77' lang='lat' dir='ltr'><strong>nasos</strong></span> <span class='ocrx_word' id='word_1_156' title='bbox 504 1964 647 2046; x_wconf 85' lang='lat' dir='ltr'><strong>putsbst,</strong></span> <span class='ocrx_word' id='word_1_157' title='bbox 669 1963 789 2047; x_wconf 87' lang='lat' dir='ltr'><strong>parcius</strong></span> <span class='ocrx_word' id='word_1_158' title='bbox 816 1983 885 2025; x_wconf 91' lang='lat' dir='ltr'><strong>cum</strong></span> <span class='ocrx_word' id='word_1_159' title='bbox 905 1985 939 2025; x_wconf 90' lang='lat' dir='ltr'><strong>eo</strong></span> <span class='ocrx_word' id='word_1_160' title='bbox 963 1964 1206 2046; x_wconf 84' lang='lat' dir='ltr'><strong>colloquebatur,</strong></span> <span class='ocrx_word' id='word_1_161' title='bbox 1233 1984 1291 2025; x_wconf 90' lang='lat' dir='ltr'><strong>uec</strong></span> <span class='ocrx_word' id='word_1_162' title='bbox 1314 1983 1423 2026; x_wconf 86' lang='lat' dir='ltr'><strong>rerum</strong></span> 
     </span>
     <span class='ocr_line' id='line_1_21' title="bbox 314 2049 1423 2132; baseline 0.001 -23"><span class='ocrx_word' id='word_1_163' title='bbox 314 2049 516 2129; x_wconf 72' lang='lat' dir='ltr'><strong>coguitionem</strong></span> <span class='ocrx_word' id='word_1_164' title='bbox 538 2049 728 2128; x_wconf 81' lang='lat' dir='ltr'><strong>integramei</strong></span> <span class='ocrx_word' id='word_1_165' title='bbox 749 2049 996 2111; x_wconf 83' lang='lat' dir='ltr'><strong>communicabat.</strong></span> <span class='ocrx_word' id='word_1_166' title='bbox 1037 2051 1152 2110; x_wconf 86' lang='lat' dir='ltr'><strong>Deinde</strong></span> <span class='ocrx_word' id='word_1_167' title='bbox 1165 2051 1263 2111; x_wconf 82' lang='lat' dir='ltr'><strong>enixis</strong></span> <span class='ocrx_word' id='word_1_168' title='bbox 1276 2049 1423 2132; x_wconf 81' lang='lat' dir='ltr'><strong>precibus</strong></span> 
     </span>
     <span class='ocr_line' id='line_1_22' title="bbox 310 2129 1424 2216; baseline 0.002 -22"><span class='ocrx_word' id='word_1_169' title='bbox 310 2129 347 2194; x_wconf 78' lang='lat' dir='ltr'><strong>&#39;et</strong></span> <span class='ocrx_word' id='word_1_170' title='bbox 359 2134 398 2194; x_wconf 87' lang='lat' dir='ltr'><strong>sd</strong></span> <span class='ocrx_word' id='word_1_171' title='bbox 411 2135 653 2215; x_wconf 88' lang='lat' dir='ltr'><strong>persuadendum</strong></span> <span class='ocrx_word' id='word_1_172' title='bbox 668 2135 836 2214; x_wconf 80' lang='lat' dir='ltr'><strong>compositu</strong></span> <span class='ocrx_word' id='word_1_173' title='bbox 856 2135 988 2196; x_wconf 88' lang='lat' dir='ltr'><strong>eiusdem</strong></span> <span class='ocrx_word' id='word_1_174' title='bbox 1003 2136 1138 2196; x_wconf 88' lang='lat' dir='ltr'><strong>crstiono</strong></span> <span class='ocrx_word' id='word_1_175' title='bbox 1160 2136 1259 2197; x_wconf 82' lang='lat' dir='ltr'><strong>victus</strong></span> <span class='ocrx_word' id='word_1_176' title='bbox 1285 2136 1424 2216; x_wconf 80' lang='lat' dir='ltr'><strong>perfecte</strong></span> 
     </span>
     <span class='ocr_line' id='line_1_23' title="bbox 314 2219 1423 2303; baseline 0 -23"><span class='ocrx_word' id='word_1_177' title='bbox 314 2228 347 2280; x_wconf 93' lang='lat' dir='ltr'><strong>et</strong></span> <span class='ocrx_word' id='word_1_178' title='bbox 359 2219 509 2280; x_wconf 85' lang='lat' dir='ltr'><strong>cumulate</strong></span> <span class='ocrx_word' id='word_1_179' title='bbox 529 2219 557 2280; x_wconf 87' lang='lat' dir='ltr'><strong>ci</strong></span> <span class='ocrx_word' id='word_1_180' title='bbox 571 2219 671 2280; x_wconf 86' lang='lat' dir='ltr'><strong>omnia</strong></span> <span class='ocrx_word' id='word_1_181' title='bbox 690 2219 863 2281; x_wconf 84' lang='lat' dir='ltr'><strong>reconditae</strong></span> <span class='ocrx_word' id='word_1_182' title='bbox 877 2221 950 2282; x_wconf 89' lang='lat' dir='ltr'><strong>artie</strong></span> <span class='ocrx_word' id='word_1_183' title='bbox 963 2230 1124 2303; x_wconf 88' lang='lat' dir='ltr'><strong>praecepta</strong></span> <span class='ocrx_word' id='word_1_184' title='bbox 1136 2221 1262 2282; x_wconf 87' lang='lat' dir='ltr'><strong>tradidit</strong></span> <span class='ocrx_word' id='word_1_185' title='bbox 1274 2219 1312 2300; x_wconf 85' lang='lat'><strong>⁸).</strong></span> <span class='ocrx_word' id='word_1_186' title='bbox 1334 2219 1423 2295; x_wconf 89' lang='lat' dir='ltr'><strong>Quin</strong></span> 
     </span>
     <span class='ocr_line' id='line_1_24' title="bbox 313 2303 1424 2388; baseline 0.001 -24"><span class='ocrx_word' id='word_1_187' title='bbox 313 2313 345 2364; x_wconf 85' lang='lat' dir='ltr'><strong>et</strong></span> <span class='ocrx_word' id='word_1_188' title='bbox 356 2323 425 2365; x_wconf 88' lang='lat' dir='ltr'><strong>eum</strong></span> <span class='ocrx_word' id='word_1_189' title='bbox 430 2303 588 2365; x_wconf 80' lang='lat' dir='ltr'><strong>doctrinae</strong></span> <span class='ocrx_word' id='word_1_190' title='bbox 594 2304 735 2366; x_wconf 78' lang='lat' dir='ltr'><strong>heredem</strong></span> <span class='ocrx_word' id='word_1_191' title='bbox 748 2326 766 2364; x_wconf 87' lang='lat' dir='ltr'><strong>a</strong></span> <span class='ocrx_word' id='word_1_192' title='bbox 777 2326 810 2365; x_wconf 86' lang='lat' dir='ltr'><strong>se</strong></span> <span class='ocrx_word' id='word_1_193' title='bbox 823 2305 995 2366; x_wconf 87' lang='lat' dir='ltr'><strong>institutum</strong></span> <span class='ocrx_word' id='word_1_194' title='bbox 1005 2306 1190 2388; x_wconf 77' lang='lat' dir='ltr'><strong>praedicavit</strong></span> <span class='ocrx_word' id='word_1_195' title='bbox 1201 2326 1264 2366; x_wconf 89' lang='lat' dir='ltr'><strong>nou</strong></span> <span class='ocrx_word' id='word_1_196' title='bbox 1277 2307 1369 2366; x_wconf 88' lang='lat' dir='ltr'><strong>semel</strong></span> <span class='ocrx_word' id='word_1_197' title='bbox 1375 2303 1424 2386; x_wconf 78' lang='lat'><strong>⁹);</strong></span> 
     </span>
     <span class='ocr_line' id='line_1_25' title="bbox 314 2387 1421 2473; baseline 0.004 -25"><span class='ocrx_word' id='word_1_198' title='bbox 314 2387 406 2470; x_wconf 79' lang='lat' dir='ltr'><strong>idque</strong></span> <span class='ocrx_word' id='word_1_199' title='bbox 424 2389 460 2448; x_wconf 88' lang='lat' dir='ltr'><strong>in</strong></span> <span class='ocrx_word' id='word_1_200' title='bbox 478 2390 516 2450; x_wconf 88' lang='lat' dir='ltr'><strong>iis</strong></span> <span class='ocrx_word' id='word_1_201' title='bbox 536 2390 689 2467; x_wconf 83' lang='lat' dir='ltr'><strong>versibus,</strong></span> <span class='ocrx_word' id='word_1_202' title='bbox 711 2410 789 2471; x_wconf 85' lang='lat' dir='ltr'><strong>quos</strong></span> <span class='ocrx_word' id='word_1_203' title='bbox 807 2391 878 2452; x_wconf 83' lang='lat' dir='ltr'><strong>exul</strong></span> <span class='ocrx_word' id='word_1_204' title='bbox 892 2391 1029 2473; x_wconf 87' lang='lat' dir='ltr'><strong>scripsit,</strong></span> <span class='ocrx_word' id='word_1_205' title='bbox 1050 2391 1184 2472; x_wconf 77' lang='lat' dir='ltr'><strong>apertius</strong></span> <span class='ocrx_word' id='word_1_206' title='bbox 1197 2392 1348 2471; x_wconf 83' lang='lat' dir='ltr'><strong>professus</strong></span> <span class='ocrx_word' id='word_1_207' title='bbox 1363 2399 1421 2452; x_wconf 87' lang='lat' dir='ltr'><strong>est.</strong></span> 
     </span>
     <span class='ocr_line' id='line_1_26' title="bbox 313 2471 1422 2558; baseline 0.003 -24"><span class='ocrx_word' id='word_1_208' title='bbox 313 2473 405 2535; x_wconf 73' lang='lat' dir='ltr'><strong>Tanti</strong></span> <span class='ocrx_word' id='word_1_209' title='bbox 418 2473 550 2556; x_wconf 46' lang='lat' dir='ltr'><strong>*denique</strong></span> <span class='ocrx_word' id='word_1_210' title='bbox 562 2475 662 2557; x_wconf 85' lang='lat' dir='ltr'><strong>ipsum</strong></span> <span class='ocrx_word' id='word_1_211' title='bbox 677 2475 764 2554; x_wconf 83' lang='lat' dir='ltr'><strong>iecit,</strong></span> <span class='ocrx_word' id='word_1_212' title='bbox 784 2485 822 2536; x_wconf 88' lang='lat' dir='ltr'><strong>ut</strong></span> <span class='ocrx_word' id='word_1_213' title='bbox 833 2476 936 2537; x_wconf 73' lang='lat' dir='ltr'><strong>liberis</strong></span> <span class='ocrx_word' id='word_1_214' title='bbox 949 2475 1012 2538; x_wconf 89' lang='lat' dir='ltr'><strong>suis</strong></span> <span class='ocrx_word' id='word_1_215' title='bbox 1030 2495 1123 2557; x_wconf 86' lang='lat' dir='ltr'><strong>paene</strong></span> <span class='ocrx_word' id='word_1_216' title='bbox 1138 2471 1320 2558; x_wconf 77' lang='lat' dir='ltr'><strong>crinequorit.</strong></span> <span class='ocrx_word' id='word_1_217' title='bbox 1353 2477 1422 2537; x_wconf 79' lang='lat' dir='ltr'><strong>Ita-</strong></span> 
     </span>
     <span class='ocr_line' id='line_1_27' title="bbox 314 2559 1425 2643; baseline 0.005 -24"><span class='ocrx_word' id='word_1_218' title='bbox 314 2578 373 2641; x_wconf 86' lang='lat' dir='ltr'><strong>que</strong></span> <span class='ocrx_word' id='word_1_219' title='bbox 397 2559 579 2621; x_wconf 84' lang='lat' dir='ltr'><strong>mouasterio</strong></span> <span class='ocrx_word' id='word_1_220' title='bbox 598 2559 717 2622; x_wconf 75' lang='lat' dir='ltr'><strong>(iborae</strong></span> <span class='ocrx_word' id='word_1_221' title='bbox 743 2563 858 2641; x_wconf 76' lang='lat' dir='ltr'><strong>magnis</strong></span> <span class='ocrx_word' id='word_1_222' title='bbox 889 2561 1059 2643; x_wconf 86' lang='lat' dir='ltr'><strong>sumptrbus</strong></span> <span class='ocrx_word' id='word_1_223' title='bbox 1089 2563 1273 2640; x_wconf 83' lang='lat' dir='ltr'><strong>instuarato,</strong></span> <span class='ocrx_word' id='word_1_224' title='bbox 1301 2561 1425 2624; x_wconf 85' lang='lat' dir='ltr'><strong>socium</strong></span> 
     </span>
     <span class='ocr_line' id='line_1_28' title="bbox 312 2643 1424 2727; baseline 0.001 -20"><span class='ocrx_word' id='word_1_225' title='bbox 312 2643 426 2707; x_wconf 83' lang='lat' dir='ltr'><strong>illicet</strong></span> <span class='ocrx_word' id='word_1_226' title='bbox 450 2645 617 2708; x_wconf 75' lang='lat' dir='ltr'><strong>adiutorem</strong></span> <span class='ocrx_word' id='word_1_227' title='bbox 637 2667 706 2706; x_wconf 88' lang='lat' dir='ltr'><strong>cum</strong></span> <span class='ocrx_word' id='word_1_228' title='bbox 724 2646 763 2706; x_wconf 83' lang='lat' dir='ltr'><strong>ed</strong></span> <span class='ocrx_word' id='word_1_229' title='bbox 783 2646 883 2708; x_wconf 90' lang='lat' dir='ltr'><strong>omnia</strong></span> <span class='ocrx_word' id='word_1_230' title='bbox 905 2648 966 2708; x_wconf 83' lang='lat' dir='ltr'><strong>iere</strong></span> <span class='ocrx_word' id='word_1_231' title='bbox 982 2646 1087 2708; x_wconf 88' lang='lat' dir='ltr'><strong>bsbuit</strong></span> <span class='ocrx_word' id='word_1_232' title='bbox 1100 2643 1159 2727; x_wconf 85' lang='lat'>¹⁰):</span> <span class='ocrx_word' id='word_1_233' title='bbox 1185 2667 1288 2709; x_wconf 87' lang='lat' dir='ltr'><strong>rerum</strong></span> <span class='ocrx_word' id='word_1_234' title='bbox 1304 2647 1424 2708; x_wconf 88' lang='lat' dir='ltr'><strong>ibidem</strong></span> 
     </span>
     <span class='ocr_line' id='line_1_29' title="bbox 314 2729 1424 2813; baseline 0.005 -24"><span class='ocrx_word' id='word_1_235' title='bbox 314 2729 595 2810; x_wconf 81' lang='lat' dir='ltr'><strong>pretiosissimarum</strong></span> <span class='ocrx_word' id='word_1_236' title='bbox 603 2731 849 2813; x_wconf 85' lang='lat' dir='ltr'><strong>procurationem</strong></span> <span class='ocrx_word' id='word_1_237' title='bbox 861 2733 889 2792; x_wconf 91' lang='lat' dir='ltr'><strong>ei</strong></span> <span class='ocrx_word' id='word_1_238' title='bbox 901 2733 993 2794; x_wconf 81' lang='lat' dir='ltr'><strong>vivus</strong></span> <span class='ocrx_word' id='word_1_239' title='bbox 1001 2731 1167 2806; x_wconf 81' lang='lat' dir='ltr'><strong>commisit3</strong></span> <span class='ocrx_word' id='word_1_240' title='bbox 1182 2733 1313 2794; x_wconf 89' lang='lat' dir='ltr'><strong>moriens</strong></span> <span class='ocrx_word' id='word_1_241' title='bbox 1331 2751 1424 2795; x_wconf 74' lang='lat' dir='ltr'><strong>suum</strong></span> 
     </span>
     <span class='ocr_line' id='line_1_30' title="bbox 315 2813 1425 2896; baseline 0.005 -22"><span class='ocrx_word' id='word_1_242' title='bbox 315 2813 538 2894; x_wconf 86' lang='lat' dir='ltr'><strong>quodammodo</strong></span> <span class='ocrx_word' id='word_1_243' title='bbox 550 2817 647 2877; x_wconf 86' lang='lat' dir='ltr'><strong>vicem</strong></span> <span class='ocrx_word' id='word_1_244' title='bbox 662 2837 806 2896; x_wconf 88' lang='lat' dir='ltr'><strong>suumque</strong></span> <span class='ocrx_word' id='word_1_245' title='bbox 821 2818 854 2877; x_wconf 91' lang='lat' dir='ltr'><strong>in</strong></span> <span class='ocrx_word' id='word_1_246' title='bbox 878 2837 911 2878; x_wconf 91' lang='lat' dir='ltr'><strong>ea</strong></span> <span class='ocrx_word' id='word_1_247' title='bbox 932 2818 1022 2880; x_wconf 88' lang='lat' dir='ltr'><strong>domo</strong></span> <span class='ocrx_word' id='word_1_248' title='bbox 1041 2837 1152 2878; x_wconf 90' lang='lat' dir='ltr'><strong>munus</strong></span> <span class='ocrx_word' id='word_1_249' title='bbox 1171 2817 1269 2879; x_wconf 85' lang='lat' dir='ltr'><strong>eidem</strong></span> <span class='ocrx_word' id='word_1_250' title='bbox 1286 2817 1425 2879; x_wconf 85' lang='lat' dir='ltr'><strong>admini-</strong></span> 
     </span>
    </p>
   </div>
   <div class='ocr_carea' id='block_1_7' title="bbox 194 2898 675 2982">
    <p class='ocr_par' dir='ltr' id='par_1_9' title="bbox 194 2898 675 2982">
     <span class='ocr_line' id='line_1_31' title="bbox 194 2898 675 2982; baseline 0 -18"><span class='ocrx_word' id='word_1_251' title='bbox 194 2957 196 2964; x_wconf 81' lang='grc'>,</span> <span class='ocrx_word' id='word_1_252' title='bbox 315 2899 476 2960; x_wconf 84' lang='lat' dir='ltr'><strong>strsudsun</strong></span> <span class='ocrx_word' id='word_1_253' title='bbox 494 2899 609 2979; x_wconf 82' lang='lat' dir='ltr'><strong>legsvit</strong></span> <span class='ocrx_word' id='word_1_254' title='bbox 623 2898 675 2982; x_wconf 78' lang='grc' dir='ltr'><strong>ιι).</strong></span> 
     </span>
    </p>
   </div>
   <div class='ocr_carea' id='block_1_8' title="bbox 312 2975 1536 3327">
    <p class='ocr_par' dir='ltr' id='par_1_10' title="bbox 312 2975 1536 3327">
     <span class='ocr_line' id='line_1_32' title="bbox 401 2975 1424 3071; baseline 0.007 -27"><span class='ocrx_word' id='word_1_255' title='bbox 401 2985 513 3045; x_wconf 81' lang='lat' dir='ltr'><strong>Gontrs</strong></span> <span class='ocrx_word' id='word_1_256' title='bbox 530 2984 676 3064; x_wconf 80' lang='lat' dir='ltr'><strong>Gregorse</strong></span> <span class='ocrx_word' id='word_1_257' title='bbox 695 2981 874 3045; x_wconf 86' lang='lat' dir='ltr'><strong>bletoclsitas</strong></span> <span class='ocrx_word' id='word_1_258' title='bbox 887 2985 1012 3063; x_wconf 87' lang='lat' dir='ltr'><strong>liberos,</strong></span> <span class='ocrx_word' id='word_1_259' title='bbox 1031 2985 1129 3048; x_wconf 84' lang='lat' dir='ltr'><strong>filium</strong></span> <span class='ocrx_word' id='word_1_260' title='bbox 1145 2975 1252 3071; x_wconf 87' lang='lat' dir='ltr'><strong>nempe</strong></span> <span class='ocrx_word' id='word_1_261' title='bbox 1264 2997 1297 3050; x_wconf 78' lang='lat' dir='ltr'><strong>ct</strong></span> <span class='ocrx_word' id='word_1_262' title='bbox 1311 2987 1424 3068; x_wconf 80' lang='lat' dir='ltr'><strong>filiam,</strong></span> 
     </span>
     <span class='ocr_line' id='line_1_33' title="bbox 314 3067 1450 3156; baseline 0.003 -24"><span class='ocrx_word' id='word_1_263' title='bbox 314 3067 434 3147; x_wconf 73' lang='lat' dir='ltr'><strong>cnsdiit,</strong></span> <span class='ocrx_word' id='word_1_264' title='bbox 447 3079 477 3144; x_wconf 80' lang='lat' dir='ltr'><strong>et</strong></span> <span class='ocrx_word' id='word_1_265' title='bbox 490 3069 701 3131; x_wconf 78' lang='lat' dir='ltr'><strong>obacurissimo</strong></span> <span class='ocrx_word' id='word_1_266' title='bbox 713 3079 987 3150; x_wconf 81' lang='lat' dir='ltr'><strong>quaequereteoum</strong></span> <span class='ocrx_word' id='word_1_267' title='bbox 996 3081 1155 3133; x_wconf 75' lang='lat' dir='ltr'><strong>sumerum</strong></span> <span class='ocrx_word' id='word_1_268' title='bbox 1167 3075 1279 3156; x_wconf 85' lang='lat' dir='ltr'><strong>scripta</strong></span> <span class='ocrx_word' id='word_1_269' title='bbox 1286 3074 1323 3135; x_wconf 89' lang='lat' dir='ltr'><strong>iis</strong></span> <span class='ocrx_word' id='word_1_270' title='bbox 1331 3095 1427 3156; x_wconf 84' lang='lat' dir='ltr'><strong>pree-</strong></span> <span class='ocrx_word' id='word_1_271' title='bbox 1447 3117 1450 3123; x_wconf 75' lang='lat'><em>,</em></span> 
     </span>
     <span class='ocr_line' id='line_1_34' title="bbox 312 3153 1536 3240; baseline 0.005 -25"><span class='ocrx_word' id='word_1_272' title='bbox 312 3153 387 3234; x_wconf 82' lang='lat' dir='ltr'><strong>legit</strong></span> <span class='ocrx_word' id='word_1_273' title='bbox 399 3166 488 3236; x_wconf 85' lang='lat' dir='ltr'><strong>atque</strong></span> <span class='ocrx_word' id='word_1_274' title='bbox 501 3155 714 3236; x_wconf 76' lang='lat' dir='ltr'><strong>interpretetus</strong></span> <span class='ocrx_word' id='word_1_275' title='bbox 732 3153 841 3237; x_wconf 54' lang='lat' dir='ltr'><strong>estu).</strong></span> <span class='ocrx_word' id='word_1_276' title='bbox 885 3154 1075 3217; x_wconf 81' lang='lat' dir='ltr'><strong>Metocbitam</strong></span> <span class='ocrx_word' id='word_1_277' title='bbox 1089 3157 1190 3240; x_wconf 87' lang='lat' dir='ltr'><strong>ipsum</strong></span> <span class='ocrx_word' id='word_1_278' title='bbox 1204 3159 1287 3220; x_wconf 86' lang='lat' dir='ltr'><strong>omui</strong></span> <span class='ocrx_word' id='word_1_279' title='bbox 1300 3179 1427 3240; x_wconf 79' lang='lat' dir='ltr'><strong>semper</strong></span> <span class='ocrx_word' id='word_1_280' title='bbox 1535 3215 1536 3232; x_wconf 16' lang='grc' dir='ltr'><strong>ξ</strong></span> 
     </span>
     <span class='ocr_line' id='line_1_35' title="bbox 314 3239 1427 3327; baseline 0.005 -26"><span class='ocrx_word' id='word_1_281' title='bbox 314 3239 411 3302; x_wconf 86' lang='lat' dir='ltr'><strong>officii</strong></span> <span class='ocrx_word' id='word_1_282' title='bbox 422 3259 528 3320; x_wconf 79' lang='lat' dir='ltr'><strong>genere</strong></span> <span class='ocrx_word' id='word_1_283' title='bbox 534 3240 643 3301; x_wconf 84' lang='lat' dir='ltr'><strong>coluit:</strong></span> <span class='ocrx_word' id='word_1_284' title='bbox 654 3239 1022 3303; x_wconf 82' lang='lat' dir='ltr'><strong>imnrinentiscslamitstis</strong></span> <span class='ocrx_word' id='word_1_285' title='bbox 1033 3253 1115 3304; x_wconf 86' lang='lat' dir='ltr'><strong>metu</strong></span> <span class='ocrx_word' id='word_1_286' title='bbox 1122 3243 1427 3327; x_wconf 85' lang='lat' dir='ltr'><strong>perculsumctaffli-</strong></span> 
     </span>
    </p>
   </div>
   <div class='ocr_carea' id='block_1_9' title="bbox 351 3437 1430 3790">
    <p class='ocr_par' dir='ltr' id='par_1_11' title="bbox 351 3437 1430 3664">
     <span class='ocr_line' id='line_1_36' title="bbox 351 3437 1425 3514; baseline -0.001 -14"><span class='ocrx_word' id='word_1_287' title='bbox 351 3439 385 3512; x_wconf 98' lang='grc'><strong>1)</strong></span> <span class='ocrx_word' id='word_1_288' title='bbox 399 3437 467 3497; x_wconf 67' lang='lat' dir='ltr'><strong>bib,</strong></span> <span class='ocrx_word' id='word_1_289' title='bbox 486 3455 533 3494; x_wconf 83' lang='lat' dir='ltr'><strong>xu.</strong></span> <span class='ocrx_word' id='word_1_290' title='bbox 557 3439 614 3496; x_wconf 86' lang='lat' dir='ltr'><strong>cod.</strong></span> <span class='ocrx_word' id='word_1_291' title='bbox 637 3458 694 3514; x_wconf 72' lang='lat' dir='ltr'><strong>reg.</strong></span> <span class='ocrx_word' id='word_1_292' title='bbox 713 3443 790 3501; x_wconf 82' lang='lat'><strong>1996.</strong></span> <span class='ocrx_word' id='word_1_293' title='bbox 806 3439 852 3498; x_wconf 83' lang='lat' dir='ltr'><strong>tol.</strong></span> <span class='ocrx_word' id='word_1_294' title='bbox 869 3444 931 3500; x_wconf 80' lang='lat'><strong>283·</strong></span> <span class='ocrx_word' id='word_1_295' title='bbox 1015 3443 1048 3513; x_wconf 75' lang='grc' dir='ltr'><strong>Ξ)</strong></span> <span class='ocrx_word' id='word_1_296' title='bbox 1072 3443 1113 3497; x_wconf 85' lang='lat' dir='ltr'><strong>Gr</strong></span> <span class='ocrx_word' id='word_1_297' title='bbox 1162 3461 1206 3499; x_wconf 83' lang='lat' dir='ltr'><strong>res</strong></span> <span class='ocrx_word' id='word_1_298' title='bbox 1224 3443 1293 3501; x_wconf 80' lang='lat' dir='ltr'><strong>illst</strong></span> <span class='ocrx_word' id='word_1_299' title='bbox 1310 3443 1356 3500; x_wconf 91' lang='lat' dir='ltr'><strong>lib.</strong></span> <span class='ocrx_word' id='word_1_300' title='bbox 1378 3460 1425 3499; x_wconf 84' lang='lat' dir='ltr'><strong>rx.</strong></span> 
     </span>
     <span class='ocr_line' id='line_1_37' title="bbox 384 3507 1429 3584; baseline 0.005 -20"><span class='ocrx_word' id='word_1_301' title='bbox 384 3527 408 3563; x_wconf 89' lang='lat' dir='ltr'><strong>c.</strong></span> <span class='ocrx_word' id='word_1_302' title='bbox 420 3511 448 3566; x_wconf 88' lang='grc'><strong>7.</strong></span> <span class='ocrx_word' id='word_1_303' title='bbox 499 3511 531 3578; x_wconf 87' lang='lat' dir='ltr'><strong>e)</strong></span> <span class='ocrx_word' id='word_1_304' title='bbox 543 3513 615 3566; x_wconf 77' lang='lat' dir='ltr'><strong>Anno</strong></span> <span class='ocrx_word' id='word_1_305' title='bbox 625 3513 726 3566; x_wconf 82' lang='lat' dir='ltr'><strong>Christi</strong></span> <span class='ocrx_word' id='word_1_306' title='bbox 738 3526 867 3565; x_wconf 78' lang='lat' dir='ltr'><strong>ucocxvr.</strong></span> <span class='ocrx_word' id='word_1_307' title='bbox 916 3507 949 3582; x_wconf 78' lang='grc'><strong>4)</strong></span> <span class='ocrx_word' id='word_1_308' title='bbox 966 3509 1009 3568; x_wconf 82' lang='lat' dir='ltr'><strong>llo</strong></span> <span class='ocrx_word' id='word_1_309' title='bbox 1021 3513 1121 3584; x_wconf 82' lang='lat' dir='ltr'><strong>patriar</strong></span> <span class='ocrx_word' id='word_1_310' title='bbox 1153 3531 1178 3578; x_wconf 87' lang='lat' dir='ltr'><strong>s,</strong></span> <span class='ocrx_word' id='word_1_311' title='bbox 1194 3515 1226 3570; x_wconf 81' lang='grc' dir='ltr'><strong>Α.</strong></span> <span class='ocrx_word' id='word_1_312' title='bbox 1240 3513 1429 3581; x_wconf 73' lang='grc' dir='ltr'><strong>αιοσοιπι,</strong></span> 
     </span>
     <span class='ocr_line' id='line_1_38' title="bbox 383 3578 1430 3664; baseline 0.007 -32"><span class='ocrx_word' id='word_1_313' title='bbox 383 3595 441 3633; x_wconf 87' lang='lat' dir='ltr'><strong>cssm</strong></span> <span class='ocrx_word' id='word_1_314' title='bbox 454 3578 616 3664; x_wconf 73' lang='lat' dir='ltr'><strong>Andronicus</strong></span> <span class='ocrx_word' id='word_1_315' title='bbox 628 3580 772 3664; x_wconf 65' lang='lat' dir='ltr'><strong>impastos·</strong></span> <span class='ocrx_word' id='word_1_316' title='bbox 784 3580 921 3636; x_wconf 81' lang='lat' dir='ltr'><strong>Iustiniani</strong></span> <span class='ocrx_word' id='word_1_317' title='bbox 931 3587 1043 3636; x_wconf 80' lang='lat' dir='ltr'><strong>stamssu</strong></span> <span class='ocrx_word' id='word_1_318' title='bbox 1057 3589 1219 3652; x_wconf 67' lang='lat' dir='ltr'><strong>aquosum,</strong></span> <span class='ocrx_word' id='word_1_319' title='bbox 1235 3583 1308 3638; x_wconf 85' lang='lat' dir='ltr'><strong>vsuti</strong></span> <span class='ocrx_word' id='word_1_320' title='bbox 1317 3583 1430 3655; x_wconf 81' lang='lat' dir='ltr'><strong>inpetu</strong></span> 
     </span>
    </p>

    <p class='ocr_par' dir='ltr' id='par_1_12' title="bbox 475 3649 1430 3790">
     <span class='ocr_line' id='line_1_39' title="bbox 478 3649 1429 3734; baseline 0.006 -31"><span class='ocrx_word' id='word_1_321' title='bbox 478 3655 538 3714; x_wconf 81' lang='lat' dir='ltr'><strong>tau,</strong></span> <span class='ocrx_word' id='word_1_322' title='bbox 555 3649 642 3704; x_wconf 80' lang='lat' dir='ltr'><strong>tulosn</strong></span> <span class='ocrx_word' id='word_1_323' title='bbox 658 3655 687 3704; x_wconf 81' lang='lat' dir='ltr'><strong>et</strong></span> <span class='ocrx_word' id='word_1_324' title='bbox 705 3649 937 3734; x_wconf 73' lang='lat' dir='ltr'><strong>coluuaosulpsam</strong></span> <span class='ocrx_word' id='word_1_325' title='bbox 956 3651 1252 3734; x_wconf 77' lang='lat' dir='ltr'><strong>ouppositsmresarciri</strong></span> <span class='ocrx_word' id='word_1_326' title='bbox 1262 3654 1429 3721; x_wconf 68' lang='lat' dir='ltr'><strong>curedssct,</strong></span> 
     </span>
     <span class='ocr_line' id='line_1_40' title="bbox 475 3718 1430 3790; baseline 0.008 -20"><span class='ocrx_word' id='word_1_327' title='bbox 475 3733 520 3770; x_wconf 86' lang='lat' dir='ltr'><strong>rss</strong></span> <span class='ocrx_word' id='word_1_328' title='bbox 533 3734 582 3787; x_wconf 87' lang='lat' dir='ltr'><strong>per</strong></span> <span class='ocrx_word' id='word_1_329' title='bbox 593 3718 693 3788; x_wconf 76' lang='lat' dir='ltr'><strong>llgneos</strong></span> <span class='ocrx_word' id='word_1_330' title='bbox 706 3719 820 3790; x_wconf 75' lang='lat' dir='ltr'><strong>gradus,</strong></span> <span class='ocrx_word' id='word_1_331' title='bbox 837 3736 854 3772; x_wconf 90' lang='lat' dir='ltr'><strong>a</strong></span> <span class='ocrx_word' id='word_1_332' title='bbox 868 3719 949 3772; x_wconf 76' lang='lat' dir='ltr'><strong>iabus</strong></span> <span class='ocrx_word' id='word_1_333' title='bbox 962 3726 1123 3774; x_wconf 72' lang='lat' dir='ltr'><strong>exmusecus</strong></span> <span class='ocrx_word' id='word_1_334' title='bbox 1135 3720 1334 3788; x_wconf 68' lang='lat' dir='ltr'><strong>circumductos,</strong></span> <span class='ocrx_word' id='word_1_335' title='bbox 1349 3725 1430 3778; x_wconf 75' lang='lat' dir='ltr'><strong>tact-</strong></span> 
     </span>
    </p>
   </div>
   <div class='ocr_carea' id='block_1_10' title="bbox 382 3785 1536 3861">
    <p class='ocr_par' dir='ltr' id='par_1_13' title="bbox 382 3785 1536 3861">
     <span class='ocr_line' id='line_1_41' title="bbox 382 3785 1536 3861; baseline 0.005 -21"><span class='ocrx_word' id='word_1_336' title='bbox 382 3785 434 3840; x_wconf 84' lang='lat' dir='ltr'><strong>lsus</strong></span> <span class='ocrx_word' id='word_1_337' title='bbox 454 3801 587 3840; x_wconf 69' lang='lat' dir='ltr'><strong>nocuum</strong></span> <span class='ocrx_word' id='word_1_338' title='bbox 611 3794 704 3841; x_wconf 84' lang='lat' dir='ltr'><strong>nactus</strong></span> <span class='ocrx_word' id='word_1_339' title='bbox 727 3793 836 3844; x_wconf 81' lang='lat' dir='ltr'><strong>statuum</strong></span> <span class='ocrx_word' id='word_1_340' title='bbox 856 3787 959 3841; x_wconf 72' lang='lat' dir='ltr'><strong>curium</strong></span> <span class='ocrx_word' id='word_1_341' title='bbox 985 3789 1174 3861; x_wconf 83' lang='lat' dir='ltr'><strong>contemplatus</strong></span> <span class='ocrx_word' id='word_1_342' title='bbox 1198 3795 1254 3857; x_wconf 86' lang='lat' dir='ltr'><strong>est,</strong></span> <span class='ocrx_word' id='word_1_343' title='bbox 1286 3797 1364 3861; x_wconf 88' lang='lat' dir='ltr'><strong>stque</strong></span> <span class='ocrx_word' id='word_1_344' title='bbox 1387 3807 1431 3846; x_wconf 78' lang='lat' dir='ltr'><strong>ex</strong></span> <span class='ocrx_word' id='word_1_345' title='bbox 1535 3829 1536 3840; x_wconf 43' lang='lat'>1</span> 
     </span>
    </p>
   </div>
   <div class='ocr_carea' id='block_1_11' title="bbox 380 3855 1450 4276">
    <p class='ocr_par' dir='ltr' id='par_1_14' title="bbox 380 3855 1450 4276">
     <span class='ocr_line' id='line_1_42' title="bbox 380 3855 1450 3979; baseline 0.005 -71"><span class='ocrx_word' id='word_1_346' title='bbox 380 3855 674 3976; x_wconf 58' lang='lat' dir='ltr'><strong>muuhrsoecpsumdam</strong></span> <span class='ocrx_word' id='word_1_347' title='bbox 688 3858 797 3942; x_wconf 72' lang='lat' dir='ltr'><strong>partiup</strong></span> <span class='ocrx_word' id='word_1_348' title='bbox 816 3857 901 3979; x_wconf 37' lang='lat' dir='ltr'><strong>phtius</strong></span> <span class='ocrx_word' id='word_1_349' title='bbox 917 3856 1021 3911; x_wconf 78' lang='lat' dir='ltr'><strong>Colossi</strong></span> <span class='ocrx_word' id='word_1_350' title='bbox 1037 3859 1239 3944; x_wconf 63' lang='lat' dir='ltr'><strong>magnitudinem</strong></span> <span class='ocrx_word' id='word_1_351' title='bbox 1257 3858 1450 3932; x_wconf 62' lang='grc' dir='ltr'><strong>ιοιιίιιιεινίιει</strong></span> 
     </span>
     <span class='ocr_line' id='line_1_43' title="bbox 382 3927 1434 4064; baseline 0.004 -16"><span class='ocrx_word' id='word_1_352' title='bbox 382 3939 515 4048; x_wconf 52' lang='lat' dir='ltr'><strong>iffa</strong></span> <span class='ocrx_word' id='word_1_353' title='bbox 532 3941 632 4049; x_wconf 61' lang='lat' dir='ltr'><strong>„tt</strong></span> <span class='ocrx_word' id='word_1_354' title='bbox 650 3943 706 4050; x_wconf 64' lang='lat'><strong>¹13?</strong></span> <span class='ocrx_word' id='word_1_355' title='bbox 726 3931 1004 4064; x_wconf 55' lang='lat' dir='ltr'><strong>”blesim</strong></span> <span class='ocrx_word' id='word_1_356' title='bbox 1013 3927 1434 4054; x_wconf 51' lang='lat' dir='ltr'><strong>mli‘bffifiii</strong></span> 
     </span>
     <span class='ocr_line' id='line_1_44' title="bbox 383 4061 1432 4138; baseline 0.006 -22"><span class='ocrx_word' id='word_1_357' title='bbox 383 4079 409 4116; x_wconf 85' lang='lat' dir='ltr'><strong>c.</strong></span> <span class='ocrx_word' id='word_1_358' title='bbox 426 4064 469 4118; x_wconf 84' lang='lat'><strong>11.</strong></span> <span class='ocrx_word' id='word_1_359' title='bbox 484 4079 509 4120; x_wconf 87' lang='lat' dir='ltr'><strong>s.</strong></span> <span class='ocrx_word' id='word_1_360' title='bbox 526 4064 550 4118; x_wconf 90' lang='grc'><strong>1.</strong></span> <span class='ocrx_word' id='word_1_361' title='bbox 620 4061 652 4132; x_wconf 85' lang='grc'><strong>6)</strong></span> <span class='ocrx_word' id='word_1_362' title='bbox 676 4062 838 4118; x_wconf 83' lang='lat' dir='ltr'><strong>Testamenti</strong></span> <span class='ocrx_word' id='word_1_363' title='bbox 857 4062 959 4119; x_wconf 76' lang='lat' dir='ltr'><strong>wilicet</strong></span> <span class='ocrx_word' id='word_1_364' title='bbox 979 4065 1125 4133; x_wconf 80' lang='lat' dir='ltr'><strong>exordium,</strong></span> <span class='ocrx_word' id='word_1_365' title='bbox 1142 4065 1212 4138; x_wconf 79' lang='lat' dir='ltr'><strong>quad</strong></span> <span class='ocrx_word' id='word_1_366' title='bbox 1230 4070 1303 4122; x_wconf 78' lang='lat' dir='ltr'><strong>extet</strong></span> <span class='ocrx_word' id='word_1_367' title='bbox 1314 4065 1432 4122; x_wconf 76' lang='lat' dir='ltr'><strong>ffisoor.</strong></span> 
     </span>
     <span class='ocr_line' id='line_1_45' title="bbox 381 4129 1435 4276; baseline 0.009 -92"><span class='ocrx_word' id='word_1_368' title='bbox 381 4129 428 4184; x_wconf 89' lang='lat' dir='ltr'><strong>lib.</strong></span> <span class='ocrx_word' id='word_1_369' title='bbox 441 4145 502 4186; x_wconf 78' lang='lat' dir='ltr'><strong>rus.</strong></span> <span class='ocrx_word' id='word_1_370' title='bbox 571 4132 603 4202; x_wconf 86' lang='grc'><strong>7)</strong></span> <span class='ocrx_word' id='word_1_371' title='bbox 620 4131 938 4189; x_wconf 69' lang='lat' dir='ltr'><strong>nosocomorum</strong></span> <span class='ocrx_word' id='word_1_372' title='bbox 995 4137 1014 4192; x_wconf 82' lang='lat'><em>8</em></span> <span class='ocrx_word' id='word_1_373' title='bbox 1044 4135 1102 4190; x_wconf 78' lang='lat' dir='ltr'><strong>lib.</strong></span> <span class='ocrx_word' id='word_1_374' title='bbox 1117 4151 1177 4190; x_wconf 85' lang='lat' dir='ltr'><strong>vru.</strong></span> <span class='ocrx_word' id='word_1_375' title='bbox 1194 4153 1219 4191; x_wconf 88' lang='lat' dir='ltr'><strong>c.</strong></span> <span class='ocrx_word' id='word_1_376' title='bbox 1233 4135 1260 4191; x_wconf 81' lang='lat' dir='ltr'><strong>t.</strong></span> <span class='ocrx_word' id='word_1_377' title='bbox 1311 4135 1344 4276; x_wconf 82' lang='grc'><strong>9)</strong></span> <span class='ocrx_word' id='word_1_378' title='bbox 1357 4133 1435 4194; x_wconf 80' lang='lat' dir='ltr'><strong>Lib.</strong></span> 
     </span>
    </p>
   </div>
   <div class='ocr_carea' id='block_1_12' title="bbox 381 4200 1434 4326">
    <p class='ocr_par' dir='ltr' id='par_1_15' title="bbox 381 4200 1434 4326">
     <span class='ocr_line' id='line_1_46' title="bbox 381 4200 1434 4326; baseline 0 -67"><span class='ocrx_word' id='word_1_379' title='bbox 381 4201 524 4326; x_wconf 51' lang='lat' dir='ltr'><strong>:gt-gg:</strong></span> <span class='ocrx_word' id='word_1_380' title='bbox 593 4200 869 4272; x_wconf 57' lang='lat' dir='ltr'><strong>immanere</strong></span> <span class='ocrx_word' id='word_1_381' title='bbox 939 4202 988 4275; x_wconf 88' lang='grc'><strong>11)</strong></span> <span class='ocrx_word' id='word_1_382' title='bbox 1054 4206 1230 4262; x_wconf 60' lang='lat' dir='ltr'><strong>annui.</strong></span> <span class='ocrx_word' id='word_1_383' title='bbox 1291 4203 1434 4263; x_wconf 69' lang='lat' dir='ltr'><strong>ulna.</strong></span> 
     </span>
    </p>
   </div>
   <div class='ocr_carea' id='block_1_13' title="bbox 0 0 1555 4862">
    <p class='ocr_par' dir='ltr' id='par_1_16' title="bbox 0 0 1555 4862">
     <span class='ocr_line' id='line_1_47' title="bbox 0 0 1555 4862; baseline 0 0"><span class='ocrx_word' id='word_1_384' title='bbox 0 0 1555 4862; x_wconf 95' lang='lat' dir='ltr'><strong> </strong></span> 
     </span>
    </p>
   </div>
  </div>
 </body>
</html>
