3084 4862
322 273 427 324 xxxvi
556 255 791 332 NICEPHOBJ
811 252 1050 328 GREGORAE
1070 257 1188 332 VITA.

323 420 515 486 ministravit.
558 415 706 478 Nimirum
726 414 854 478 habebat
876 437 968 499 penes
989 439 1024 480 se
1039 418 1206 480 hostiarum
1233 427 1423 480 consecrate-

322 531 390 572 rum
416 508 534 589 copiam
555 504 647 582 longo
671 511 739 562 ante
761 505 928 584 provisam,
952 525 1026 586 quas
1049 515 1209 587 postquam
1229 525 1331 566 omnes
1347 525 1423 566 con-

221 665 224 670 ,
323 594 514 676 sumpsisset,
537 589 667 649 amicum
692 587 926 668 Agathsngelum
950 609 1067 669 rogasse
1086 609 1120 652 se
1138 591 1197 662 ait,
1219 601 1256 651 ut
1277 591 1350 650 alias
1367 591 1425 651 sibi

324 700 394 740 cum
418 675 587 751 Antidoris,
610 693 663 734 seu
685 674 771 754 panis
791 675 941 735 benedicti
963 677 1083 754 frustis,
1106 675 1235 737 efferret.
1278 675 1424 757 ltaqueei

324 765 360 825 ab
382 760 559 826 adversariis
572 758 654 819 omni
668 759 729 820 fere
744 769 803 820 tam
820 761 934 822 animae
949 781 1038 842 quam
1057 762 1194 844 corporis
1208 762 1317 822 solatio
1330 763 1423 824 inter-

323 849 440 910 dictum
462 848 529 910 suit.
572 845 618 905 sb
632 844 737 904 iisdem
750 847 903 928 ademptos
920 846 979 906 sibi
992 849 1116 928 pervim
1135 867 1235 908 sacrae
1251 847 1425 928 Scripturas

323 935 417 996 libros
432 931 458 1016 ι)
473 940 593 1007 sanat,
613 930 686 989 itam
706 951 783 993 anno
800 952 919 1013 quoqne
939 933 1083 994 redeunte
1097 941 1247 994 tentatum
1259 953 1292 993 se
1305 953 1322 992 a
1335 931 1425 992 Prin·
1533 975 1534 992 r

326 1020 441 1100 cipibus
455 1039 510 1102 per
529 1016 697 1076 emissarios
709 1015 797 1099 (quos
813 1011 1040 1100 addnpapsoodg
1059 1014 1240 1102 θεολόγους,
1262 1037 1316 1078 seu
1331 1020 1426 1077 unius

324 1105 387 1164 dies·
399 1105 570 1184 theologos,
592 1098 710 1181 vocat),
731 1113 766 1163 ut
787 1111 839 1164 sut
854 1104 996 1184 captiosis
1012 1103 1317 1183 argumentationibus
1334 1104 1425 1164 dece-
1533 1181 1534 1184 Ἴ

322 1200 394 1274 ptus
408 1197 642 1271 perverteretur3
655 1196 718 1262 aut,
730 1189 754 1248 ai
765 1209 831 1249 eum
843 1191 924 1250 nulls
933 1189 1139 1250 rationeflecti
1152 1207 1240 1270 posse
1256 1197 1425 1270 appareret,
1533 1191 1534 1200 ’

323 1285 504 1337 statueretur
516 1274 655 1353 denique,
665 1282 768 1335 utrum
780 1266 943 1357 expediret,
958 1274 1281 1336 carcerisnessrumnis
1298 1284 1328 1334 et
1337 1275 1427 1354 longe
1533 1309 1534 1328 r

322 1361 419 1424 veluti
434 1369 530 1422 morte
542 1379 610 1421 eum
625 1359 747 1435 confici,
769 1381 808 1421 en
824 1380 916 1420 manu
929 1361 1061 1420 violenta
1074 1361 1173 1422 subito
1193 1360 1325 1441 opprimi
1340 1359 1383 1442 ἱ).

408 1445 492 1507 Inter
511 1443 567 1505 hos
585 1453 681 1504 metus
696 1446 789 1506 libros
806 1444 954 1506 Historiae
972 1447 1156 1526 Byzantinos
1175 1446 1277 1506 decem
1299 1463 1427 1525 compo-

324 1533 384 1592 suit
398 1539 481 1592 tanta
496 1530 662 1606 celeritate,
683 1531 788 1591 utrix
802 1531 865 1592 dies
879 1530 1074 1611 quadraginta
1091 1533 1118 1592 ei
1132 1530 1292 1612 scriptioni
1304 1531 1428 1610 impen-

325 1616 404 1676 derit
417 1615 455 1698 ⁸).
496 1615 523 1674 li
546 1624 618 1674 sunt
630 1615 706 1676 liber
719 1617 852 1676 decimus
869 1625 994 1677 octavus
1008 1628 1037 1678 et
1049 1637 1156 1678 novem
1171 1617 1310 1696 deinceps
1324 1615 1428 1675 conti-

324 1701 396 1776 nui3
419 1699 525 1781 quibus
539 1710 605 1760 tum
618 1700 676 1759 alia
691 1703 787 1762 multa
807 1703 1017 1779 continentur,
1039 1713 1104 1764 tum
1121 1703 1195 1763 dots
1210 1701 1320 1782 synodi
1336 1700 1429 1760 Pale-

323 1786 460 1865 mitione,
483 1793 513 1846 et
525 1785 626 1846 habita
645 1805 711 1848 cum
734 1787 866 1848 Cabasila
884 1789 1060 1869 disputatio;
1082 1809 1140 1849 nec
1153 1807 1216 1847 nou
1230 1787 1344 1866 triplex
1356 1803 1430 1845 cum

326 1871 527 1952 Agathangelo
554 1872 751 1952 colloquium.
795 1875 890 1934 Porro
912 1875 946 1934 in
967 1873 1015 1934 his
1036 1874 1199 1954 praecipua
1218 1871 1430 1932 observatione

324 1957 448 2036 dignum
470 1957 595 2018 videtur
615 1966 825 2020 testamentum
850 1959 949 2040 ipsum
976 1959 1107 2020 auctoris
1122 1959 1168 2042 ⁴):
1197 1957 1284 2021 cuiue
1304 1956 1431 2037 quidem

322 2043 494 2102 testamenti
512 2043 570 2102 tria
586 2053 657 2104 sunt
670 2046 776 2126 capita.
818 2045 919 2105 Primo
931 2045 1013 2105 iubet
1026 2045 1171 2124 Gregoras
1185 2043 1308 2104 illorum
1322 2041 1431 2102 desem

322 2127 469 2188 librorum
488 2129 668 2210 exemplaria
688 2129 923 2211 quamplurima
940 2151 1056 2191 summa
1073 2130 1213 2190 cautione
1229 2127 1376 2205 describi,
1400 2135 1432 2186 et

322 2213 426 2273 amicis
438 2213 550 2294 ubique
563 2223 709 2276 terrarum
722 2216 896 2295 degentibus
909 2217 1059 2278 distribui.
1101 2216 1206 2276 Altero
1218 2214 1320 2274 Fidem
1332 2231 1433 2294 expo·

322 2299 385 2376 nit,
408 2299 446 2360 de
467 2299 622 2359 Barlasmo
644 2309 674 2361 et
688 2301 847 2382 Acindyno
862 2302 1004 2363 ecclesiae
1018 2303 1137 2362 decreta
1156 2300 1317 2381 approbat,
1339 2307 1372 2358 et
1396 2296 1432 2357 in

323 2385 514 2444 Sacramento
528 2385 734 2448 Eucharistiae
745 2405 851 2448 verum
864 2387 973 2448 Christi
988 2407 1098 2469 corpus
1112 2395 1142 2446 et
1155 2386 1327 2464 sanffliuem
1336 2401 1434 2461 agno-

322 2470 391 2531 seit.
426 2470 528 2532 Tertio
540 2471 667 2532 cadaver
679 2491 777 2550 suum,
793 2474 875 2553 quod
888 2472 1049 2534 Palsmitse
1061 2472 1246 2552 insepultum
1261 2465 1435 2551 proiectum·

321 2555 394 2630 sint,
411 2556 531 2636 sepeliri
541 2567 634 2619 vetet.
656 2557 738 2618 Haeo
749 2579 822 2620 vero
836 2558 936 2620 omma
949 2559 1039 2619 docet
1049 2557 1202 2639 scripsisse
1216 2576 1248 2617 se
1261 2553 1378 2636 raptim
1395 2573 1435 2614 sc

320 2641 427 2703 furtim
435 2642 468 2700 in
485 2640 587 2702 charta
600 2643 755 2721 vilissima,
769 2665 828 2706 nec
841 2655 893 2706 aut
908 2644 1055 2724 corrigere
1071 2653 1124 2704 aut
1137 2641 1272 2722 expolire
1281 2639 1434 2723 potuisse,

322 2726 446 2788 anxium
459 2727 610 2805 videlicet,
624 2750 661 2789 ac
675 2750 714 2790 ne
730 2730 766 2789 ab
779 2729 910 2790 inimicis
922 2730 1351 2812 deprehendereturperpetuo
1364 2726 1436 2786 sol-

321 2810 451 2872 licitum.
493 2812 562 2872 Non
579 2815 690 2876 misum
708 2816 826 2895 itaque,
848 2817 873 2875 si
895 2816 942 2876 illi
964 2816 1066 2876 decem
1084 2813 1157 2874 libri
1172 2822 1203 2872 et
1218 2812 1318 2872 minus
1333 2812 1437 2872 oesti-

323 2895 385 2974 gati
407 2903 493 2973 eunt,
517 2905 547 2956 et
568 2917 705 2978 magnam
730 2899 844 2962 doloris
864 2900 1056 2960 acerbitatem
1079 2899 1231 2981 produnt3
1254 2916 1329 2978 quse
1352 2895 1438 2956 etin

322 2977 456 3060 reliquis,
478 2981 517 3041 ad
528 2981 597 3042 illos
610 2993 714 3064 postes
733 2986 866 3062 adiectis,
888 3005 952 3046 non
964 2986 1063 3046 minor
1077 2985 1200 3066 quidem
1213 2982 1323 3060 existit,
1345 2981 1438 3042 abest

323 3075 424 3126 autem
445 3087 462 3126 a
483 3068 695 3148 septemdecim
710 3071 874 3151 prioribus3
899 3091 973 3151 quos
996 3091 1034 3130 ex
1050 3091 1083 3130 eo
1096 3079 1237 3151 apparet,
1260 3077 1290 3128 st
1305 3066 1438 3128 aliunde

324 3151 412 3211 etiam
433 3163 569 3229 constat,
591 3165 660 3214 ante
670 3156 819 3235 synodum
836 3157 1039 3216 Psiamiticam
1053 3156 1168 3235 integra
1180 3154 1281 3216 adhuc
1293 3152 1439 3213 auctoris

322 3235 461 3296 libertate
483 3238 621 3299 conditos
642 3241 741 3303 fuisse.
783 3243 938 3302 Praeterea
960 3241 1054 3304 libros
1067 3241 1170 3302 decem
1181 3241 1215 3300 in
1227 3241 1356 3300 Tomum
1368 3239 1439 3298 Pa-

322 3319 489 3418 lpmiticum
509 3323 743 3404 Antirrbeticos,
766 3327 870 3388 eodem
886 3328 941 3388 illo
965 3327 1131 3388 domestico
1147 3343 1266 3388 carcere
1278 3324 1438 3399 inclusus,

322 3408 461 3487 scripsit:
480 3429 601 3471 menum
624 3421 723 3474 eutem
743 3411 818 3472 huic
843 3414 928 3494 operi
946 3422 1012 3473 tum
1031 3413 1162 3494 primum
1183 3409 1333 3486 admovit,
1356 3427 1440 3469 cum

322 3490 557 3574 Agathsngelus,
580 3507 685 3574 quarta
707 3498 774 3557 vice
799 3497 832 3556 in
852 3499 915 3558 eiua
945 3497 1117 3558 cubiculum
1136 3497 1244 3557 furtim
1261 3495 1440 3575 ingressus,

322 3579 536 3658 professionem
551 3581 622 3642 fidei
634 3583 772 3644 editama
788 3583 926 3662 Palama,
948 3593 978 3644 et
992 3584 1102 3644 selecta
1119 3603 1158 3643 ex
1170 3581 1316 3663 qnodieo
1330 3580 1440 3640 Temo

323 3662 438 3810 titt
452 3665 727 3814 iilisiilmm
742 3669 953 3816 iffim
970 3671 1209 3816 iiii’si‘mm
1224 3663 1442 3812 ilidii?

645 3773 780 3834 agmone
909 3775 969 3837 epu
1070 3775 1087 3813 o
1125 3773 1192 3814 eum
1207 3773 1227 3834 p
1277 3773 1287 3810 ι
1427 3771 1439 3826 ;

359 3933 540 4056 IJdGregoras
554 3937 634 4022 libros
651 3887 745 4028 hibuit
761 3941 829 3996 bene
846 3941 960 4026 multos..
979 3943 1009 4026 nt
1031 3957 1111 4026 snpra
1131 3941 1308 4024 observatum
1336 3935 1444 4059 αξξ-ἰ-

391 4007 788 4165 „sentientes”
826 4011 1446 4195 messentiusttnsige

392 4161 438 4266 id.
451 4145 560 4268 ili?
572 4148 719 4284 dii'ifdb‘s
732 4151 976 4274 filiiflii&
985 4149 1336 4290 sugdmffidisiduimi')
1353 4149 1446 4268 aiii

392 4279 456 4352 Byr„
474 4281 520 4339 lib.
537 4301 624 4342 axau.
692 4287 725 4356 5)
745 4288 815 4342 Hist.
831 4289 898 4359 Bye.
915 4287 961 4345 lib.
979 4305 1067 4344 xxrn.
1083 4288 1111 4344 in
1127 4289 1188 4346 sne.
