3042 4886
353 317 588 390 HISTOMAE
608 317 886 388 BYZANTINAE
907 319 966 388 Xl.
991 326 1039 392 11.
1142 305 1219 381 565

121 487 208 572 ἱερῶν
221 484 342 552 ἐκείνων
353 481 479 568 χειλίιον
495 481 569 560 τοδς
583 478 695 568 Ιλόγους
711 479 892 571 προήνεηκεν
907 479 985 570 δπίρ
1000 509 1033 550 τε
1051 487 1114 550 τῶν
1128 485 1225 550 θείων
1273 477 1301 530 Α·
1320 481 1347 530 ⁰·

120 595 247 672 θεσμῶν
271 590 323 654 καλ
344 591 401 671 τῆς
422 586 574 670 ἀληθείας
596 587 705 671 αὐτῆς.
740 583 963 672 ἀναμνήσθητε
987 578 1032 652 ῶν
1053 589 1227 675 ἐφθίηξοιτο
1290 621 1324 668 ad

120 694 191 778 πρὶν
204 689 287 774 ήκειν
302 692 350 758 ἐπὶ
365 689 401 756 τό
418 695 507 772 βῆμα
524 691 645 757 καὶτὸν
662 689 743 777 ἱερόν
760 687 926 776 σύλλογον·
954 681 1046 756 ὧντε
1063 683 1158 766 αὖθις
1172 692 1256 807 ἐλ-Ῑῃ
1277 685 1346 806 1Μὲ

120 793 191 860 θῶν
204 792 312 881 διεξῄει
326 791 406 858 πάνυ
419 817 469 856 τοι
480 799 701 880 μεηαλορυῶς,
728 796 780 859 καὶ
794 791 897 879 ῶσπερ
915 793 946 858 oi
959 790 1056 859 πάλαι
1068 799 1132 861 τῶν
1145 800 1222 860 θευ-
1253 759 1392 880 &25:⁰⁰

97 894 230 982 ὀλόμαν,
253 894 346 962 ὁπότε
357 896 449 971 θείας
462 897 620 973 ἐπιπνοίας
632 881 862 985 ἐμίφορηθίντες
878 895 937 981 τήν
948 902 1090 982 γλῶτταν
1104 877 1277 1015 ma'tcvv‘nv·
1293 894 1346 952 282
1434 956 1438 964 .

122 1005 166 1088 τῷ
190 1002 347 1084 ἐνηχοῶντι
368 999 420 1064 καὶ
442 999 568 1086 φίροντι
588 998 756 1083 πνεύματι·
790 1002 841 1065 καὶ
863 996 949 1076 ὅπως
972 1005 1030 1065 τοῦ
1048 996 1229 1084 νοσήματος

122 1100 198 1188 όπέρ
214 1107 351 1190 κεφαλῆς
366 1104 557 1189 αίιοροῦντος
565 1109 623 1170 τοῦ
636 1105 708 1186 βίου
723 1101 759 1169 ed
775 1104 888 1189 πίρας,
918 1100 935 1169 ό
951 1103 986 1168 δέ
1006 1103 1063 1170 cdx
1073 1104 1227 1188 ἐνέδωκεν,

124 1205 195 1270 ἄλλ’
224 1207 361 1291 ἐπίραινε
383 1204 424 1270 τὰ
447 1208 561 1289 βελτίω
585 1204 671 1290 μάλα
687 1203 878 1293 προδόμοις·
907 1203 993 1290 οἶμαι
1007 1213 1065 1273 τοῦ
1081 1213 1160 1275 θεοῦ
1172 1234 1230 1292 με·
1345 1249 1347 1256 -

123 1305 219 1392 μόλην
238 1306 356 1391 ταότην
376 1307 433 1392 τήν
455 1307 535 1386 ζίσιν
555 1316 596 1397 τῇ
620 1308 734 1376 τούτου
747 1309 959 1395 χαρισαμένου
973 1317 1080 1397 ψυχῇ,
1106 1311 1160 1376 ἵνα
1176 1337 1230 1377 κο-

85 1427 117 1478 10
125 1413 240 1498 ριονίδα
255 1411 325 1478 τινὰ
339 1421 405 1487 τοῖς
422 1409 527 1488 όλλοις
544 1414 659 1479 ἐκείνου
670 1423 821 1500 χρηστοῖς
836 1413 930 1498 όηιῶσι
946 1417 997 1478 καὶ
1012 1410 1079 1479 οἷον
1092 1409 1230 1502 inoppi-

122 1537 218 1599 μισμα
247 1511 413 1603 κράτιστον
438 1515 578 1600 ἐπιθείη,
605 1515 642 1582 τό
664 1513 817 1592 τοιούτοις
838 1513 940 1600 λόχοις
964 1514 1150 1602 ἆγνισθῆναι
1171 1517 1230 1601 τήν

122 1621 267 1702 γλῶσσαν
289 1619 341 1682 καὶ
362 1615 514 1694 τοιοότοις
532 1616 639 1702 νόμοις
651 1621 703 1684 κοιλ
718 1616 849 1705 δόγμασι
863 1625 1069 1685 ουνοιπελθεῖν
1084 1619 1179 1686 αὐτόν
1194 1621 1258 1686 leli

124 1724 181 1784 τοῦ
204 1719 309 1802 βίου.”
361 1718 432 1810 (Δ.)
452 1713 515 1788 Ἦν
529 1745 563 1807 γε
574 1718 666 1807 μήνδ
681 1721 828 1804 βασιλεδς
843 1719 920 1807 ridde
936 1726 987 1788 καί
1000 1726 1120 1810 χαρίεις
1137 1721 1174 1790 τδ
1189 1721 1233 1789 εί-

126 1825 180 1897 δας
186 1871 197 1904 ,
223 1823 259 1888 τό
274 1815 358 1906 ἦθος
374 1822 483 1911 ἱλαρός
503 1827 553 1890 καί
569 1823 751 1912 εὐπρόσιτος
757 1873 768 1905 ,
794 1825 853 1910 τήν
866 1821 992 1912 γνῶμην
1006 1823 1233 1914 φιλάνθρωπος

86 1939 118 1993 15
126 1927 178 1991 καὶ
194 1923 275 1991 πόνυ
289 1949 336 1992 τοι
354 1924 536 2012 συμπαθής.
571 1926 754 2013 συμβουλήν
769 1953 802 2013 με
812 1927 877 2012 μὴν
889 1934 953 1994 τῶν
967 1926 1092 1995 πόντων
1107 1928 1232 2006 οὗδενός

127 2025 371 2116 προσδεχόμενος
399 2029 547 2114 οὐδεμίαν
553 2079 564 2112 ,
589 2027 672 2119 μόνη
699 2039 739 2118 τῇ
762 2029 875 2097 ἐαυτοῦ
902 2033 1025 2096 διετίλει
1048 2029 1234 2114 πειθόμενος

125 2129 233 2219 γνώμη
253 2133 304 2196 καί
328 2127 446 2216 proicer.
481 2131 530 2198 διδ
551 2136 602 2198 καί
627 2137 798 2219 κρυψίνους
821 2126 860 2216 ἦν
875 2129 918 2208 ῶς
931 2132 970 2198 τό
987 2133 1087 2199 πολλὰ
1102 2137 1154 2199 καὶ
1170 2141 1234 2217 βα-

127 2242 220 2300 θεῖαν
240 2235 299 2318 μέν
321 2233 374 2299 διδ
396 2235 509 2322 φρενός
530 2233 743 2322 καρπούμενος
763 2233 902 2301 αόλακα·
928 2234 1114 2321 όνομιλητος
1127 2236 1161 2301 δ’
1178 2230 1234 2302 σόν

128 2340 181 2404 καὶ
202 2343 304 2421 μισῶν
327 2337 397 2424 περί
420 2334 532 2406 ἔαυτόν
553 2345 678 2424 πλῆθος
704 2336 884 2424 ἀνθρώπων
906 2333 993 2430 δρῶν.
1048 2337 1115 2430 (Ε.)
1133 2337 1262 2407 “oreon

86 2443 183 2510 macl
204 2439 275 2506 οὔτε
296 2445 473 2522 βασιλικαῖς
494 2441 654 2526 ἐνέχεσθαι
679 2443 821 2533 φροντίσι
843 2444 895 2508 καὶ
918 2441 1077 2526 ἀσχολίαις
1088 2442 1255 2527 ήνείχετυ,,

130 2543 202 2610 οὔτε
218 2542 283 2628 μὴν
307 2545 340 2609 ἐν
357 2553 427 2620 τοῖς
450 2547 608 2631 μεγίσταις
628 2551 693 2613 τῶν
711 2543 829 2632 ἑορτῶν
841 2544 882 2612 τό
896 2550 954 2629 τῆς
967 2547 1126 2629 βασιλείας
1143 2546 1236 2611 ἐτίλει

130 2644 260 2730 νόμιμα,
286 2646 343 2722 τὰς
365 2645 536 2735 θεατρίκῶς
558 2673 639 2736 φημι
660 2651 712 2715 καὶ
733 2651 910 2733 δημοτελεῖς
931 2649 1057 2733 πομπδις
1078 2651 1130 2715 κοιλ
1144 2655 1236 2737 φιλο-

132 2748 294 2838 φροσόνας
302 2752 354 2815 καὶ
363 2751 420 2827 τός
427 2749 664 2836 μεγαλοψύχους
680 2752 850 2840 εόεργεσιάς
864 2778 898 2819 τε
907 2754 959 2817 καὶ
969 2751 1121 2836 διανομὰς
1132 2758 1196 2819 τῶν
1205 2777 1239 2820 τε

129 2851 302 2941 χρημάτων
312 2850 392 2936 ὁμοῦ
402 2857 453 2919 καί
467 2851 659 2938 όξιιυμότιυν.
675 2853 718 2933 ῶς
725 2851 906 2922 κινδυνεύειν
914 2857 1059 2924 ἐντεῦθεν
1070 2853 1239 2941 λη’θηςκα-

85 2969 124 3022 25
134 2959 266 3050 ταδῦναι
282 2963 399 3040 βυθοΐς
410 2956 450 3023 τὰ
463 2965 521 3043 τῆς
532 2965 695 3044 βασιλικῆς
708 2959 850 3036 εόταξιάς
862 2957 970 3042 turpe,
984 2949 1030 3026 ῶν
1041 2959 1098 3042 τὴν
1112 2956 1238 3045 μνήμην
1253 2969 1285 3024 l’.
1299 2971 1353 3029 ³50

98 3097 99 3100 ’
133 3087 287 3142 defensione
301 3103 431 3141 sacrarum
442 3087 601 3144 sanctionum
615 3093 643 3141 et
662 3087 744 3159 ipeine
757 3087 884 3142 veritatia
919 3087 1100 3142 Recordamini
1113 3102 1182 3156 quae
1196 3087 1238 3141 di-

134 3158 219 3220 xerit,
240 3157 389 3226 priusquam
406 3157 440 3210 ad
460 3163 609 3226 suggestum
627 3157 787 3227 pervenisset
796 3165 830 3210 et
842 3158 874 3210 ad
892 3173 991 3212 eaerum
1004 3157 1153 3210 concilium:
1171 3173 1238 3226 qnae

133 3227 197 3280 item
209 3243 265 3278 cum
279 3226 396 3278 venisset
411 3225 545 3290 recitarit,
562 3227 671 3280 maximo
687 3243 744 3280 cnm
754 3226 859 3296 ingenio
879 3234 908 3279 et
925 3233 1040 3280 velerum
1060 3226 1239 3294 theologorum

134 3295 297 3357 imitatione,
315 3311 371 3346 cnm
384 3295 473 3348 divino
486 3294 579 3348 afflatu
593 3296 663 3367 pleni
678 3296 778 3365 linguae
792 3296 924 3350 resonanti
937 3295 964 3348 in
975 3295 1041 3365 ipaia
1055 3303 1083 3348 et
1095 3295 1237 3365 impellenti

136 3364 240 3436 spiritui
253 3363 489 3416 accommodabant:
508 3371 536 3418 et
547 3364 663 3434 quamvis
678 3383 745 3418 more
759 3365 839 3448 capiti
852 3363 1003 3428 immineret,
1019 3371 1104 3417 tamen
1117 3379 1168 3416 non
1181 3381 1239 3417 cea·

136 3431 220 3496 uerit,
238 3433 283 3485 aed
304 3430 424 3485 alacriter
444 3433 577 3486 admodum
596 3451 628 3487 ea
662 3450 711 3488 uae
724 3434 923 3503 requirebantur
939 3433 1088 3504 peregerit:
1106 3432 1181 3495 Deo,
1198 3431 1238 3486 uti

136 3509 338 3557 consentaneum
353 3507 412 3565 eet,
428 3517 549 3570 magnum
566 3503 634 3555 bunc
644 3452 776 3563 latrorum
790 3503 873 3556 animo
888 3502 943 3556 eine
956 3502 1070 3584 largito,
1087 3509 1117 3554 nt
1132 3502 1239 3554 coroni-

137 3573 197 3626 dem
210 3572 335 3640 quandam
351 3571 462 3623 caeteris
475 3571 530 3624 eius
543 3571 684 3640 praeclaris
699 3570 881 3624 certaminibus
895 3577 924 3624 et
935 3569 1017 3623 velun
1030 3569 1142 3638 sigillum
1160 3587 1238 3639 prae·

137 3640 324 3695 etantieeimum
335 3639 503 3708 imprimeret,
519 3639 631 3709 linguam
644 3641 698 3694 eine
712 3638 853 3693 huiusmodi
865 3639 1025 3694 sermonibus
1040 3657 1088 3734 per
1107 3656 1138 3692 ur
1158 3638 1241 3703 ando;

136 3721 170 3764 nt
180 3709 277 3762 tallbne
291 3707 393 3776 legibue
412 3713 440 3762 et
460 3709 572 3762 decretio
590 3709 758 3778 promulgatio
769 3727 785 3760 e
802 3707 857 3762 rita
869 3707 1039 3762 discederet'
1084 3655 1161 3791 &VS
1178 3705 1241 3760 linit

136 3779 180 3832 lric
198 3779 342 3847 Imperator
353 3775 466 3830 iucunda
481 3787 509 3832 et
523 3778 628 3831 amabili
642 3779 744 3848 specie,
761 3776 853 3830 bilarie
867 3784 895 3830 et
913 3795 1018 3830 accensu
1031 3776 1132 3840 facilia,
1149 3777 1241 3830 huma·

137 3865 186 3901 nne
201 3853 228 3900 et
249 3845 468 3900 clementieeimue.
502 3846 640 3900 Caeterum
654 3845 760 3901 neminie
776 3845 853 3900 ullum
870 3847 1003 3900 mutilium
1016 3846 1183 3912 admittebat,
1199 3843 1240 3898 eni

137 3917 216 3970 unice
236 3913 381 3969 eontentiae
394 3921 421 3967 et
432 3914 555 3968 acientiaa
567 3916 698 3970 insistens.
732 3915 826 3986 Itaque
838 3915 962 3985 pleraque
974 3915 1164 3978 dieaimnlnbat‚
1180 3929 1242 3968 con·

136 3987 197 4040 eilio
205 3985 295 4055 plenae
307 3983 351 4036 ille
363 3983 484 4052 quidem
502 3986 549 4037 eod
560 4001 577 4038 a
588 3984 720 4056 colloquiis
728 3992 755 4038 et
768 3992 843 4037 coetu
853 3983 978 4038 hominum
992 3983 1109 4038 alienior.
1125 3981 1190 4053 (V.)
1201 3983 1243 4036 no

136 4055 236 4117 tiebat,
254 4060 284 4105 ut
294 4052 475 4122 Imperatoriae
487 4069 563 4106 curae
577 4061 605 4106 et
615 4053 796 4124 occupationea
808 4059 983 4117 armaretur,
1002 4071 1033 4106 ac
1044 4071 1077 4108 na
1089 4053 1116 4106 in
1130 4049 1244 4104 maximia

137 4123 242 4192 quidem
260 4120 447 4174 festivitatibus
467 4122 586 4175 colonnia
603 4122 707 4192 imperii
727 4122 830 4185 obiret,
846 4121 891 4174 illa
906 4122 1039 4188 nimirum,
1055 4139 1123 4192 quae
1136 4120 1169 4174 ad
1184 4137 1245 4190 epe·

136 4191 241 4244 ctaenla
252 4198 279 4244 et
291 4189 407 4260 publicae
418 4207 527 4262 pompae
545 4199 574 4245 et
585 4192 751 4245 salutaticum
763 4198 791 4245 et
800 4191 999 4245 munificentiam
1011 4187 1204 4263 Imperatoriam
1216 4191 1245 4242 et

137 4260 348 4312 distributionem
367 4260 533 4332 pecuniarum
546 4267 574 4314 et
586 4262 708 4314 bonorum
721 4261 890 4332 pertinerent.
924 4261 1026 4314 Utinm
1041 4259 1184 4331 pericnlum
1200 4256 1244 4322 eit,

137 4345 173 4382 ne
198 4327 382 4394 imperatoriae
399 4327 552 4400 diaciplinee
567 4329 704 4395 instituta,
723 4346 829 4404 qnorum
851 4329 996 4385 memoriam
1015 4327 1112 4401 cinguli
1133 4323 1246 4384 videtin
