3084 4862
475 984 556 1062 10.
595 985 877 1062 BOIVINI

322 1135 1029 1266 enarrarre

572 1437 783 1455 Μ

137 1601 246 1716 Amos
260 1653 321 1718 bic
334 1655 469 1720 dommus
482 1667 605 1740 quartus
623 1669 678 1738 est,
701 1681 739 1720 ex
755 1681 813 1741 quo
830 1660 954 1720 Carolus
968 1656 1148 1736 Ducangius‚
1170 1655 1227 1718 vir

135 1757 282 1822 delittsris
298 1763 454 1841 praeclare
468 1764 602 1842 meritus,
624 1763 700 1824 mihi
712 1773 817 1824 auctor
832 1763 900 1841 fuit,
924 1772 960 1823 ut
970 1761 1135 1842 Nicephori
1151 1761 1228 1822 Gre-

132 1880 208 1938 gorae
223 1864 326 1924 libros
343 1883 398 1924 sex
414 1865 589 1945 historicos,
612 1866 665 1946 qui
680 1868 712 1926 in
725 1865 909 1927 Bibliotheca
924 1865 1012 1944 Regin
1028 1862 1227 1944 manuscripti

129 1974 267 2044 extarent,
279 1967 386 2026 Latine
398 1978 561 2044 verterem
581 1976 614 2028 ut
624 1978 783 2048 postquem
792 1967 927 2028 absoluta
944 1977 1020 2026 esset
1032 1965 1123 2026 editio
1135 1965 1228 2024 Chro-

126 2065 182 2124 niei
197 2067 368 2147 Paaelrelis,
391 2071 441 2130 cui
453 2072 504 2132 ille
517 2093 640 2132 manum
656 2081 817 2132 extremam
832 2070 1019 2158 imponebat,
1042 2069 1063 2128 ii
1077 2089 1131 2129 sex
1143 2067 1226 2141 libri,

126 2167 160 2226 ad
176 2189 222 2232 eos
238 2191 324 2251 quos
343 2173 467 2234 Wolfius
480 2174 662 2252 vulgarisset
676 2174 821 2246 adiuncti,
842 2172 941 2250 Regiis
954 2172 1034 2252 typis
1050 2171 1228 2232 mandaren-

124 2277 177 2330 tur.
214 2275 315 2346 &am
333 2284 398 2334 tunt
414 2297 466 2355 ego
483 2276 657 2354 colligendis
672 2277 788 2336 Libanii
801 2275 945 2358 Epistolis
958 2275 1106 2352 intentus3
1130 2284 1160 2336 et
1173 2275 1228 2334 La·

123 2373 194 2436 tinas
217 2376 286 2436 iarn
306 2396 323 2436 e
340 2377 462 2439 Graecis
484 2379 613 2440 feceram
633 2399 696 2439 non
710 2399 832 2460 paucas.
874 2378 960 2438 Senia
971 2378 1136 2440 doctissimi
1151 2398 1228 2438 con·

122 2476 185 2574 s'plio
205 2477 353 2538 iuvenem
375 2499 422 2540 me
437 2489 467 2540 et
481 2481 631 2542 novitium
653 2503 759 2564 parere
774 2502 901 2562 aequum
915 2481 984 2542 tuit.
1026 2481 1156 2542 Tatnetsi
1169 2480 1230 2559 igi·

120 2589 171 2640 tur
187 2581 429 2642 amoenitatibus
449 2591 480 2644 et
494 2583 646 2664 elegantiis
667 2585 838 2645 Libanianis
850 2584 924 2644 mire
940 2583 1127 2660 delectabar,
1149 2592 1179 2642 et
1194 2581 1231 2641 ab

120 2683 156 2742 iis
178 2704 275 2764 aegre
296 2683 501 2764 discedebam,
522 2697 622 2748 tamen
641 2686 686 2747 illi
702 2707 769 2749 sum
785 2686 982 2764 obsequntem
1005 2685 1098 2764 idque
1113 2704 1148 2744 eo
1164 2705 1233 2744 ma-

122 2785 215 2863 xima,
239 2785 328 2865 quod
347 2788 386 2847 ad
404 2787 501 2868 ipsius
515 2789 739 2852 adhortationes
752 2789 912 2850 accedebat
927 2789 1066 2850 voluutas
1083 2787 1233 2848 illustris-

122 2889 188 2948 simi
202 2889 335 2950 abbans
354 2891 487 2952 Cartima
508 2894 668 2970 Tartaru,
692 2893 802 2954 eximia
815 2891 919 2953 indole
931 2891 1112 2972 praestantia
1129 2905 1159 2949 et
1177 2910 1233 2950 su·

122 3013 176 3072 pra
196 3001 331 3054 aetatem
355 2991 439 3052 docti
456 2993 670 3073 adolescentis,
693 2997 741 3056 cui
754 3017 802 3056 me
813 3005 843 3056 et
856 3015 922 3055 mea
936 2995 1035 3054 omnia
1050 2993 1151 3054 studia
1172 3014 1232 3054 ro-

122 3115 246 3173 veram,
268 3093 471 3157 Bibliothecae
484 3097 591 3178 Regiae
601 3099 776 3174 Praefecto,
796 3109 888 3178 atque
907 3119 942 3158 co
954 3116 1078 3159 munera
1092 3097 1153 3156 iam
1167 3107 1234 3156 tum

122 3219 184 3260 sese
196 3199 330 3280 dignum
346 3198 498 3279 probanti.
537 3201 597 3262 Hic
617 3211 654 3264 ut
665 3200 798 3262 laborem
811 3200 987 3282 impositum
1001 3198 1149 3260 alacriore
1162 3197 1233 3257 ani-

121 3321 172 3364 mo
186 3302 391 3384 susciperem,
412 3303 502 3364 etiam
515 3305 626 3378 Patris,
646 3303 713 3368 viri
728 3303 847 3380 summi,
869 3303 1080 3392 auctoritatem
1094 3301 1233 3381 interpo-

122 3405 199 3482 suit,
229 3424 299 3465 nou
323 3404 396 3466 belli
424 3408 523 3467 solum
542 3407 597 3467 sed
624 3414 655 3466 et
677 3405 871 3466 scientiarum
891 3405 1097 3486 bonarumque
1120 3403 1231 3466 artium

124 3529 233 3570 curam
260 3506 470 3568 demandatam
483 3531 500 3568 a
512 3509 592 3589 Rege
605 3519 682 3570 tunc
697 3507 884 3570 sustinentis.

207 3610 268 3672 His
292 3609 434 3690 auspiciis
456 3612 496 3672 ad
520 3612 615 3676 libros
634 3612 783 3692 Gregorae
807 3609 1053 3691 interpretandos
1079 3627 1234 3688 aggressus

123 3715 204 3776 laeta
229 3724 262 3773 et
282 3715 383 3774 lanata
406 3713 506 3774 omnia
524 3714 600 3776 milri
616 3696 817 3796 spondebam:
837 3713 891 3774 sed
912 3733 960 3774 rea
979 3713 1046 3792 ipsa
1061 3711 1235 3792 opinionem

124 3835 224 3876 meam
246 3815 378 3876 multum
397 3815 515 3880 fefellit.
556 3817 676 3878 Etenim
690 3816 797 3898 paucis
814 3825 885 3897 post
900 3813 1002 3876 diebus
1023 3813 1100 3876 obiit
1114 3815 1160 3892 is,
1182 3814 1236 3894 qui

124 3917 204 3978 mihi
229 3937 347 3978 norum
375 3917 435 3982 iter
462 3919 598 3999 ingresso
616 3922 734 4002 praeire
753 3939 790 3980 ac
807 3916 982 4000 praelucere
1002 3937 1084 3978 nnus
1105 3916 1236 3977 maxime

126 4020 266 4082 emnium
285 4029 422 4101 poterat,
445 4023 578 4102 optimus
594 4030 624 4084 et
639 4021 856 4085 eruditissimus
868 4020 1051 4101 Ducangius.
1092 4019 1158 4082 Hae
1172 4019 1237 4097 uy-

126 4121 270 4186 untiuae
289 4119 433 4185 historiae
456 4123 522 4185 saca
541 4123 694 4204 extincta,
713 4125 863 4188 virenon
877 4125 953 4186 satis
976 4141 1085 4204 gnarus
1104 4121 1238 4182 laborem

128 4247 163 4288 ac
185 4224 376 4310 diligentiam
396 4225 529 4292 subulis
549 4227 624 4292 mihi
643 4227 834 4312 comparante
854 4235 883 4290 et
896 4245 1000 4292 sorum
1012 4243 1066 4289 sex
1080 4225 1236 4300 librorum,
