3084 4862
300 262 435 336 *unu
554 250 789 322 monrnoar
810 250 1053 321 eanoonan
1072 251 1189 322 vnn

321 411 419 487 tinnt,
440 410 523 492 quod
537 409 723 472 barlaamum
737 417 882 490 uterque,
902 407 1014 470 iudicio
1029 409 1176 470 iniurioeo
1196 407 1362 487 offensum,
1382 409 1416 470 in

322 496 437 558 ltaliam
452 495 554 558 dicant
572 495 763 575 romipetae,
783 504 814 554 et
832 495 869 555 ad
884 495 1056 555 latinorum
1070 494 1210 555 instituta
1228 514 1264 556 aa
1280 494 1417 573 dogmeta

321 601 443 642 ruraum
456 601 489 642 ae
505 581 697 646 convertitur.
725 579 839 642 Triduo
852 580 902 640 vel
917 578 1075 660 quatriduo
1091 589 1161 661 poet
1173 578 1305 640 habitam
1316 599 1417 658 ayno-

319 665 393 728 dum
419 667 586 749 Imperator
612 667 702 728 morti
731 666 889 748 proximus
913 665 953 724 eal
976 667 1138 744 Gregoram
1165 665 1264 743 mitit,
1294 664 1348 746 qui
1377 683 1417 726 ex

321 771 358 812 oo
371 751 608 830 eoiemmentnr,
628 751 785 814 laoilemne
801 750 985 812 curationem
998 759 1077 812 aetra
1092 749 1286 831 aponderent,
1308 769 1348 809 ιιι
1362 769 1416 810 oo-

320 836 442 898 natibua
455 837 641 900 medicorum
654 837 815 900 obstarent.
829 858 833 868 ‘
856 837 1009 918 beaponoo
1024 835 1160 897 noudum
1173 845 1306 916 accepto,
1323 835 1356 896 in
1369 835 1419 896 le-

319 919 461 1002 tbargum
489 923 644 1006 relapana,
674 922 767 985 vitam
791 921 892 983 univit
921 921 1000 988 lunii
1026 920 1075 983 die
1102 942 1165 999 xv,
1196 941 1276 982 anno
1306 919 1419 983 Cbrieti

320 1025 464 1070 nouum.
512 1007 613 1072 Tertio
638 1009 741 1070 lnotua
771 1008 821 1068 alie
849 1008 995 1088 Gregoraa
1020 1007 1075 1069 vix
1106 1017 1172 1068 tum
1196 1005 1419 1085 oonvaleaoena,

319 1092 509 1174 patriarchae
521 1102 552 1155 et
564 1113 667 1156 eornm
681 1093 735 1175 qui
745 1093 868 1154 aderant
881 1093 988 1155 domne
1000 1093 1148 1174 Augustae
1153 1092 1330 1174 Principum
1342 1091 1420 1154 bor-

321 1186 405 1257 tatu,
425 1188 579 1242 merbrum
598 1181 810 1262 Imperatorem
822 1178 916 1240 flebili
934 1179 1069 1242 oratione
1088 1187 1288 1261 proeeqnutut
1302 1187 1356 1239 eet.
1463 1212 1467 1218 ·

405 1281 477 1342 Poet
489 1279 565 1344 baec
580 1281 662 1344 civili
676 1281 755 1346 bello
767 1282 904 1363 Byzantii
914 1281 1105 1344 laborarunt:
1126 1279 1251 1342 eocleaia
1264 1281 1333 1361 ipra
1342 1277 1422 1359 dog·

319 1365 439 1427 matioie
459 1367 672 1429 Palemitarum
692 1375 723 1430 et
743 1367 1017 1448 Acindynianorum
1032 1367 1109 1427 rixi!
1122 1365 1307 1448 perturbata.
1343 1365 1423 1426 Nam

320 1451 482 1530 Gregoritu
503 1453 698 1533 Acindynua,
718 1453 873 1514 barlaamo
894 1453 926 1514 ia
944 1452 1063 1514 ltaliam
1078 1471 1209 1529 rerem,
1231 1452 1366 1512 deemtee
1381 1448 1422 1508 eb

322 1536 972 1705 terruerimque
986 1535 1345 1705 errante-⁶:3¹

833 1671 843 1701 5

321 1707 473 1787 paratoria
492 1718 635 1786 mortem,
657 1719 734 1770 eeaet
752 1709 925 1786 emman,
946 1708 1097 1770 Palamam
1110 1705 1309 1768 nibilominna
1320 1704 1425 1766 verio-

321 1811 392 1852 rum
413 1811 550 1854 errorum
569 1814 711 1856 enomere
729 1794 881 1877 pergebat.
923 1793 1005 1856 Hine
1020 1813 1159 1873 magnum
1173 1790 1425 1869 intertbeologoa

321 1885 483 1938 certamen.
504 1878 662 1960 Gregoma,
677 1880 765 1942 ouiue
776 1879 903 1962 pacifica
918 1880 1042 1941 oonailia
1054 1877 1131 1938 nibil
1141 1887 1207 1938 tum
1220 1876 1302 1958 apud
1317 1895 1426 1955 quam·

322 1981 414 2042 quam
443 1962 599 2042 valebant,
628 1965 666 2025 eb
691 1965 775 2027 aulae
806 1966 941 2027 tumultu
968 1975 999 2026 et
1024 1963 1181 2025 bominum
1199 1962 1369 2043 frequentia
1391 1962 1426 2021 in

320 2047 417 2193 qqium
431 2058 462 2108 et
476 2049 669 2114 ualitudinem
684 2051 764 2114 rrltro
786 2050 942 2130 waoeaait,
963 2059 1053 2132 etque
1066 2049 1104 2110 ab
1120 2047 1205 2110 omui
1219 2046 1427 2130 diaputatione

345 2131 375 2192 'n
398 2132 552 2198 abstinuit.

405 2235 522 2298 Interea
542 2237 709 2317 astrologus
721 2239 857 2319 quidem,
879 2239 1008 2301 eGallia
1019 2239 1191 2320 prolectat,
1213 2234 1429 2297 Conat'entino-

318 2319 406 2401 polio
427 2323 527 2402 venit,
548 2333 579 2384 et
602 2325 719 2385 felicem
739 2325 813 2386 belli
831 2325 946 2387 exitum
967 2326 1000 2385 in
1023 2325 1091 2385 aula
1109 2321 1292 2384 vaticinatue
1318 2330 1364 2380 eet
1389 2317 1428 2400 ⁸).

319 2405 467 2485 Gregoraa
488 2408 526 2469 ab
550 2409 835 2489 euganeorum,
857 2430 893 2471 ao
912 2411 950 2472 de
971 2410 1060 2472 novio
1083 2409 1144 2468 illia
1168 2403 1429 2489 praedictionibus

319 2491 397 2570 quid
415 2494 541 2555 aentirat
560 2495 660 2576 eloqui
682 2495 795 2574 insane,
816 2515 909 2558 venae
931 2517 980 2557 eae
999 2515 1063 2556 eoae
1082 2492 1192 2573 arguit.
1235 2492 1281 2553 Ita
1291 2491 1429 2552 refutato

317 2573 437 2638 hariolo
453 2578 618 2659 Augantam
633 2601 651 2639 ι
663 2601 695 2641 ae
705 2581 855 2660 alienavit,
876 2581 995 2644 homini
1007 2581 1064 2657 illi,
1084 2579 1226 2660 populari
1240 2597 1295 2639 auo
1309 2586 1340 2637 et
1353 2577 1429 2658 pla-

316 2661 417 2722 centia
438 2665 652 2743 annuneianti,
677 2667 864 2730 benevolam.
908 2669 1021 2728 Temen
1041 2665 1133 2743 baec,
1160 2663 1345 2726 dieaimuleta
1368 2665 1427 2738 ira,

316 2746 394 2808 nibil
407 2757 473 2810 tum
490 2751 597 2812 ‹luriua
611 2751 689 2812 dixit
694 2773 704 2825 ς
725 2753 779 2814 aed
798 2772 901 2814 eorum
915 2753 970 2834 qui
993 2752 1118 2813 ederant
1131 2750 1227 2830 gretia
1238 2750 1358 2810 vultum
1377 2746 1427 2808 hi.

316 2831 411 2892 larem
435 2833 549 2911 induit,
571 2845 602 2896 et
622 2836 767 2897 ultionem
787 2838 821 2897 in
840 2837 925 2898 eliud
943 2847 1062 2918 tempue
1076 2833 1205 2897 diomlit
1246 2833 1289 2894 At
1308 2831 1426 2913 Grego-

316 2917 522 3010 neutonam
534 2939 684 2997 reverma,
702 2921 784 2982 omni
796 2923 829 2982 in
845 2933 999 3004 posteram
1014 2919 1215 2983 contentioni·
1226 2917 1328 2980 studio
1339 2917 1427 2979 obdi-

318 3011 396 3080 cato,
410 3022 532 3064 rursum
548 3025 579 3066 ee
591 3025 646 3066 eno
658 3005 721 3066 otio
734 3016 765 3068 et
779 3009 962 3089 tranquillae
975 3006 1148 3069 wlitudinia
1161 3004 1267 3068 umbra
1279 3002 1426 3066 involvit.

402 3089 460 3150 Per
478 3089 558 3150 illud
575 3100 712 3172 tempus,
734 3091 856 3154 circiter
876 3114 989 3154 annum
1002 3113 1162 3171 nocem,
1184 3091 1309 3151 loannea
1322 3089 1426 3170 patri·

319 3171 429 3251 arcba,
458 3185 623 3235 eonvooeta
654 3177 785 3256 ayaodo,
814 3179 963 3240 Palemam
990 3189 1027 3240 ut
1053 3176 1238 3239 haereticum
1258 3175 1427 3250 ᾶιιιιιιινὶι,

320 3277 356 3316 ae
369 3259 472 3338 priora
487 3259 540 3320 illa
553 3261 586 3320 in
598 3261 785 3323 barlaamum
798 3273 828 3324 at
845 3264 1037 3345 Acindynum
1053 3263 1172 3325 decreta
1190 3281 1244 3330 tua
1258 3260 1428 3340 abrogavit.

320 3343 497 3426 Acindynua
518 3365 581 3407 non
600 3346 722 3426 longum
745 3368 779 3408 ea
804 3349 934 3410 victorie
954 3351 1081 3412 laetatus
1101 3357 1154 3411 eet.
1194 3345 1283 3406 Anno
1307 3344 1429 3428 quippe

319 3447 472 3492 uoooxnvr
487 3431 618 3492 Palamaa
630 3451 700 3492 oum
712 3433 843 3514 Augusta
857 3435 890 3494 in
906 3436 1033 3515 gratiam
1043 3433 1144 3511 rediit,
1159 3450 1251 3511 eaque
1262 3430 1429 3509 instigante

318 3515 521 3595 patriorubam
542 3527 573 3577 et
589 3517 815 3598 Acindynianoe
827 3521 973 3581 oontinuo
995 3518 1116 3602 eoriptie
1131 3517 1249 3578 eonbua
1262 3535 1427 3598 oppugne-

317 3600 364 3660 vit
378 3598 419 3686 ⁴).
462 3601 539 3662 Tum
560 3623 634 3664 vero
648 3603 825 3685 Acindynus
842 3605 1006 3686 Gregorem
1021 3604 1122 3686 coepit
1136 3622 1240 3680 orare,
1261 3611 1297 3662 ut
1311 3619 1427 3683 exper-

318 3685 498 3764 gioceretur,
521 3696 551 3747 et
572 3687 679 3749 iambia
693 3688 725 3771 ⁶)
747 3689 828 3752 biaoe
856 3711 965 3773 param
985 3689 1165 3768 modulatio,
1185 3687 1350 3768 figurarum
1372 3705 1428 3749 en.

387 3893 443 3951 ret,
466 3887 638 3958 oognitioaern
659 3889 764 3944 dilutam
785 3890 867 3945 fuine
891 3891 1040 3948 contendite
1060 3891 1150 3964 itaque
1169 3907 1218 3946 neo
1235 3889 1269 3946 de
1286 3888 1428 3946 Metalla-

386 3956 482 4022 numo,
499 3975 546 4012 neo
562 3958 597 4013 cle
614 3958 672 4012 aliia
690 3959 839 4015 oriminibue
856 3961 977 4016 Pelamae
993 3963 1120 4028 obiectio,
1136 3969 1223 4016 emam
1239 3959 1329 4016 fulan

355 4060 385 4129 l)
403 4059 471 4114 Vide
484 4062 554 4116 Eiet.
570 4061 593 4115 B
612 4079 636 4115 a.
654 4061 698 4115 lib.
718 4079 774 4116 nv.
792 4082 815 4118 e
829 4067 856 4121 8.
923 4067 956 4133 2)
973 4062 1096 4122 milon
1114 4061 1429 4136 manetqbeleqebao·

386 4126 477 4198 tione,
493 4131 568 4186 Tota.
589 4081 706 4213 inanit
758 4132 776 4186 8
809 4133 877 4188 viee
888 4133 993 4188 11st
1028 4135 1099 4190 .lib.
1113 4151 1167 4190 nt.
1182 4153 1205 4188 a.
1219 4135 1246 4189 8.
1298 4133 1330 4201 4)
1347 4131 1430 4197 Qum

386 4205 478 4254 nunt
496 4199 524 4252 iu
540 4199 631 4284 ooalaoe
658 4199 732 4271 regio
789 4204 831 4258 11.
913 4205 945 4272 ⁵)
970 4151 1027 4258 lli:
1050 4222 1083 4259 ex
1103 4201 1162 4258 eod.
1176 4203 1302 4258 Vaticano
1321 4199 1428 4256 duorl-

386 4275 446 4338 ptoe
463 4267 661 4326 eomomoavlt
670 4285 768 4326 meeum
778 4271 812 4329 R.
824 4272 855 4330 Ρ.
869 4272 903 4330 Ι).
920 4273 1070 4330 uernum
1084 4273 1301 4331 nontamen
