3084 4862
298 285 535 358 NICEPHORI
555 283 799 356 GREGORAE
818 285 996 360 ELOGIA.
1132 301 1193 352 ιιι

117 431 189 512 ιαίίειΙ
205 447 251 512 tui
266 467 355 530 quam
370 445 518 528 plurimos
532 445 665 526 quotidie
684 447 805 508 efficias.
844 445 944 528 Atque
960 441 1022 509 hoc
1039 457 1076 510 tu
1088 449 1192 512 melius

117 534 169 616 ipse
190 557 274 616 quam
301 535 378 594 alius
395 533 549 612 quiequam
567 530 808 613 philosopharis,
831 554 900 594 oum
918 535 1088 595 benefacere
1104 556 1193 616 quam

116 621 183 680 affiei
196 620 335 680 beneficio
350 620 548 699 praestantius
560 617 748 698 diviniusque
765 639 827 679 aare
839 619 953 681 statuis.
994 618 1069 680 Mihi
1083 631 1193 702 autem,

115 707 160 784 qui
180 725 276 768 esrum
298 725 399 766 rerum
422 703 530 782 quibus
550 702 682 762 abundas
706 705 749 763 ita
763 725 829 764 eum
849 715 1010 785 appetens,
1030 715 1067 765 ut
1083 707 1194 768 formae

114 793 235 870 materia,
256 812 295 852 ne
315 790 446 869 graveris
469 809 577 870 quaeso
596 788 776 870 respondere
792 811 886 871 pauca
897 789 971 851 haec
980 790 1193 870 interroganti:

114 897 220 954 ηιιιοιο
242 877 414 937 tabularum
436 895 492 954 ope
506 895 647 935 numeros
666 877 880 936 astronomioos
895 885 1068 957 computare
1082 877 1194 955 soleas,

114 981 241 1040 quaenam
263 983 279 1021 a
301 970 332 1022 te
354 970 505 1041 ponentur
518 959 664 1041 epochae,
686 969 716 1019 et
730 962 849 1041 quando
867 982 919 1021 eae
932 963 1063 1043 primum
1079 962 1196 1044 positae

114 1047 226 1107 luerint:
250 1055 393 1127 quantum
415 1045 451 1104 ah
471 1045 533 1104 illis
557 1042 678 1125 epochis
699 1046 735 1104 ad
754 1045 835 1116 huuc
854 1047 933 1108 diem
954 1067 1051 1127 usque
1076 1059 1195 1128 tempus

113 1131 228 1192 laxent.
270 1133 371 1212 Neque
386 1132 465 1191 enim
480 1140 555 1212 puto
566 1141 597 1190 te
613 1132 659 1190 uti
674 1130 877 1208 Ptolemaicia,
899 1153 974 1212 quae
990 1141 1125 1192 exactem
1136 1153 1195 1194 ve-

111 1217 214 1278 ritatem
229 1219 320 1296 longo
335 1227 470 1297 tempore
485 1217 657 1276 amiserunt.
700 1217 772 1276 Item
788 1218 837 1278 cui
851 1218 967 1278 auctori
982 1219 1085 1279 oredse
1100 1219 1133 1278 in
1151 1219 1197 1278 iu

112 1301 184 1363 diciis
209 1303 411 1381 astrologicis,
433 1303 639 1362 Ptolemaeum
659 1302 732 1378 soli,
755 1323 792 1362 an
814 1312 843 1362 et
867 1304 918 1362 alii
940 1303 1078 1384 cuipiam.
1120 1304 1196 1364 Nam

110 1386 180 1466 lati,
201 1389 380 1468 quibuscum
401 1387 487 1447 nohis
501 1387 585 1448 aedes
600 1387 764 1448 communia
784 1389 907 1467 obtigit,
931 1399 1036 1448 neutra
1053 1389 1085 1448 iu
1100 1399 1195 1470 parte,

110 1492 156 1532 nee
167 1473 198 1534 iu
214 1473 427 1555 speculatione,
447 1493 504 1532 nee
517 1473 549 1532 in
563 1474 660 1553 praxi,
676 1473 874 1534 Ptolemaeum
891 1472 996 1533 ducem
1012 1463 1194 1553 sequuntur}

109 1559 372 1620 sodreeentiorihus
386 1567 420 1618 ut
434 1558 597 1639 plurimum
609 1559 840 1620 adhaerescunt:
854 1579 911 1620 neo
925 1559 1059 1620 contenti
1074 1559 1195 1636 tabulis,

109 1663 171 1722 quae
196 1643 433 1706 ahlohammede
454 1643 574 1704 initium
592 1645 722 1721 ducunt,
744 1647 846 1704 multis
858 1654 1009 1726 praeterea
1021 1645 1086 1704 aliia
1099 1655 1197 1704 utun-

108 1737 157 1789 tur.
196 1731 277 1790 llaec
298 1741 333 1790 tu
351 1731 398 1788 sec
417 1739 498 1788 certo
523 1730 629 1790 eciam:
651 1751 686 1790 ac
702 1731 728 1790 ei
740 1731 805 1790 fieri
821 1740 930 1811 potest,
954 1732 1040 1790 etium
1058 1728 1196 1810 Paepho-

109 1814 160 1874 riae
177 1817 294 1894 regulas
310 1812 337 1900 ¹)
358 1812 414 1898 (ita
428 1815 525 1874 Latini
545 1826 653 1876 vocant
666 1827 824 1898 praecepta
837 1815 1042 1896 computandi)
1065 1816 1135 1876 iube
1156 1815 1196 1876 sd

108 1917 148 1958 ne
166 1902 360 1981 transcriptas
380 1899 478 1975 mitti,
500 1910 535 1960 ut
554 1901 627 1961 iatas
640 1905 751 1982 possim
773 1923 840 1961 cum
854 1903 978 1962 illorum
992 1901 1104 1980 regulis
1120 1922 1197 1962 con·-

109 1985 182 2045 lerre.
220 1988 343 2046 Scilicet
356 2007 424 2063 noe,
448 1985 499 2065 qui
517 1989 699 2066 praeclaram
713 1988 867 2048 scientiam
882 1997 1025 2062 extremo,
1046 1997 1082 2046 ut
1101 1987 1196 2060 aiunt,

109 2068 189 2148 digito
208 2071 365 2132 delibatam
382 2070 583 2150 gustavimus,
605 2073 795 2135 incendimur
811 2073 932 2153 quidem
948 2071 1096 2132 desiderio
1108 2073 1197 2153 plura

109 2153 247 2236 discendi,
269 2166 300 2216 at
317 2156 385 2237 quie
402 2156 487 2216 libris
501 2177 647 2234 caremus,
668 2159 736 2218 ideo
754 2159 825 2218 inde
838 2159 1022 2239 repellimur,
1043 2179 1102 2238 quo
1117 2157 1197 2238 aspi·

108 2258 206 2302 ramus.
245 2242 364 2322 ltaque,
385 2241 434 2301 vir
448 2242 715 2321 praestantissime,
736 2265 810 2323 quse
824 2244 886 2304 eint
902 2264 970 2304 mea
986 2243 1087 2304 studia
1103 2243 1195 2303 intel-

106 2321 175 2403 ligis,
187 2336 276 2407 atque
292 2327 367 2388 adeo
382 2327 455 2407 quid
467 2327 507 2388 sit
519 2349 578 2406 quo
593 2329 739 2408 indigeam
753 2330 905 2409 explorate
914 2329 1076 2408 cognoscis.
1098 2329 1197 2388 Tuum

108 2421 145 2470 eet
166 2412 273 2492 igitur,
294 2412 422 2493 quadiu
439 2422 470 2472 ιο
487 2414 560 2488 erit,
582 2413 674 2491 mihi,
697 2415 749 2493 qui
762 2415 977 2476 remotissimus
995 2413 1087 2493 dego,
1108 2434 1196 2494 opem

108 2495 191 2571 serre;
212 2498 452 2578 quandoquidem
467 2499 506 2558 ad
525 2499 624 2558 omnia
648 2500 766 2560 civibus
782 2501 844 2560 tuis
858 2521 935 2562 unus
957 2498 1079 2561 sufficia.
1122 2499 1199 2562 Vive

108 2589 134 2637 et
149 2583 228 2658 rsla,
252 2585 392 2644 Graeciae
415 2585 517 2644 lumen
541 2584 740 2644 clarissimum
747 2607 758 2660 ,·
790 2585 878 2645 altius
907 2585 1041 2664 quotidie
1065 2603 1198 2666 progre-

108 2661 184 2746 dere,
205 2678 235 2730 et
247 2690 299 2730 eos
313 2669 367 2750 qui
381 2669 462 2730 iufra
478 2669 579 2732 iacent
592 2671 631 2732 ed
644 2679 673 2730 te
684 2671 784 2752 ipsum
801 2669 927 2732 attrahe.
942 2723 946 2734 .

256 2835 299 2903 ΙΙ.
321 2833 418 2904 Κατὰ
436 2839 504 2904 τοῖν
522 2840 585 2906 τοῦ
605 2841 759 2924 Γρηγορᾶ
780 2832 978 2924 ληρημῦτων
991 2832 1034 2924 ²).

179 2953 212 3018 ‘O
226 2955 259 3020 δὲ
277 2953 452 3038 σοφοίτατος
469 2963 642 3043 Γρηγοροῖς,
664 2955 764 3044 οἵσπερ
783 2956 841 3024 οῦκ
856 2954 1031 3042 ἀρκούντων
1047 2951 1198 3044 αῦτςῦτῦν

112 3040 272 3113 Βυζαντίων
287 3045 330 3119 είς
344 3050 462 3124 θαῦμα,
481 3045 532 3106 καλ
548 3046 782 3120 Θεσσαλονικίας
795 3041 895 3129 ἐνάγει
907 3041 985 3129 πρῦς
998 3042 1070 3119 τοῦς
1081 3039 1199 3124 ῦμνους

107 3120 169 3197 τοῦς
183 3125 289 3191 immori
295 3175 304 3206 ,
327 3125 485 3211 γράμματα
495 3128 622 3209 πίμπωυ
642 3131 694 3193 καί
707 3138 889 3214 προσκυνεῖν
904 3125 1038 3212 μονονοῦ
1053 3123 1196 3206 κελεῦων,

109 3203 208 3290 ἄνδρας
223 3213 459 3297 λλευθλρουςκαλ
476 3212 570 3294 μηδὲν
582 3210 695 3290 είδῦτας
708 3211 836 3298 didymo
846 3213 870 3298 ἢ
881 3211 1025 3299 πράττειν
1036 3210 1112 3297 πρῦς
1124 3211 1197 3318 oldo-

109 3289 271 3371 νὴνοῦῦενί
288 3343 411 3361 ......
429 3295 578 3379 θαυμάζω
594 3298 627 3363 δὲ
642 3305 778 3382 πρῶτον,
802 3298 899 3381 elada
921 3306 1056 3384 yioirruv
1067 3295 1197 3382 η’γνοησα
1318 3321 1323 3332 ·

110 3382 156 3438 τοῦ
166 3387 342 3462 θαυμαστοῦ
357 3385 585 3464 Θεσσαλονίκης,
598 3385 650 3448 καί
663 3383 697 3448 τῦ
711 3380 786 3468 παρ’
801 3385 918 3466 λκείνης
928 3379 998 3448 κατ’
1011 3379 1108 3448 αῦτοῦ
1118 3388 1196 3466 πῦρ·
1288 3441 1293 3450 ,

112 3459 197 3527 ἔπειτα
209 3470 236 3531 ελ
248 3466 451 3576 προσεδόκησε
462 3467 545 3550 nupsi
554 3471 797 3535 Θεσσαλονικέων
803 3475 902 3545 καλοῖς
914 3466 1060 3534 οἰκοῦσαν·
1075 3471 1106 3533 οἳ
1119 3491 1198 3547 puv-

111 3543 256 3615 λίτατῦντε
264 3549 368 3631 odada,
378 3579 434 3618 ουκ
443 3549 505 3618 ott’
516 3550 709 3633 ’ὀπωρποίλαι
722 3555 854 3640 ἡγοῦντο
866 3553 925 3638 τήν
934 3557 977 3630 είς
988 3551 1093 3639 λόγους
1105 3548 1198 3617 deivo-

112 3653 161 3734 ξίν,
173 3631 211 3714 ἢν
223 3637 427 3722 tumtunm
438 3645 583 3705 τοσοῦτον
597 3638 659 3722 ἤδη
678 3637 805 3724 χρόνον·
820 3642 872 3705 καλ
885 3646 946 3704 νῦν
959 3641 1028 3724 περί
1043 3638 1097 3704 τῦν
1109 3636 1196 3716 θεόν,

111 3721 193 3800 torpe]
205 3767 301 3784 .....
320 3725 384 3788 Καὶ
405 3722 439 3789 τῦ
453 3719 606 3808 σύνταγμα
631 3721 747 3807 πολλήν
768 3749 836 3789 τινα
850 3727 1091 3807 καταψηφίζεται
1105 3718 1199 3804 ζάλην

110 3833 466 3972 2
482 3805 726 3961 ²¹2³
741 3808 919 3960 νίκα
946 3893 1178 3974 s,

407 3940 414 3956 .
683 3921 701 3958 α
767 3923 786 3960 α
872 3921 980 3961 οτονν
1022 3921 1042 3958 α
1178 3925 1198 3940 -

109 3967 265 4056 γράμματος
286 3919 454 4062 αίγνοεῖται,
467 3919 527 4044 Quot
549 3921 608 4059 ἆσμα
624 3919 790 4045 ῦείαίαλεῖν
802 3977 859 4046 οῦκ
876 3922 1119 4064 ίχομεν,μο’ίσπερ
1135 3982 1199 4041 τοῖν

108 4057 179 4139 παραὶ
198 4058 293 4142 φῦσιν
313 4065 511 4150 γεννωμένων
524 4109 628 4128 .....
636 4061 762 4130 Ἔπειτα
782 4066 834 4132 καί
847 4068 934 4143 τίτας
948 4060 1108 4148 αίναίσχοατο
1120 4057 1198 4128 κακαί

137 4223 165 4292 ¹)
184 4227 224 4282 ΕΙ
244 4231 351 4286 Graeco
365 4233 549 4360 ”ww
590 4233 677 4318 Atque
696 4185 757 4288 hine
774 4235 886 4288 tortasse
905 4235 936 4288 Sa·
953 4235 1004 4288 λετ
1024 4246 1070 4284 seu
1085 4227 1196 4301 aphet

164 4295 413 4376 itlffisopumls
463 4251 1086 4374 antehabeeoottezatudtotaut.
