3084 4862
566 279 826 352 PRAEFATIO.
1210 295 1251 344 ιι
1368 273 1374 284 ’

148 443 311 506 Wolfianes
324 442 407 504 etad
420 442 561 521 illuster,
575 441 731 523 quipeues
746 461 793 501 me
809 449 903 518 eraut,
918 439 1190 521 adiectilrlrorum
1205 444 1252 506 vi-

147 551 220 628 giuti
234 569 291 608 sex
304 565 462 608 numerum
477 543 656 606 efficiebant.
677 545 748 606 Post
760 544 937 624 vigesimum
953 555 1073 606 sextum
1086 547 1187 608 tems
1200 546 1252 608 sd-

147 650 207 710 huc
219 649 482 729 nobievigesimus
494 648 648 729 septimus.
691 649 829 710 caeteros
842 647 874 706 iu
892 645 1078 709 Bibliotheca
1090 651 1180 729 Regia
1197 649 1253 710 ha-

146 753 302 828 bebamus,
329 751 465 832 exceptis
478 752 611 832 quinque
626 751 750 814 ultimis.
792 750 923 811 Tandem
939 759 969 810 et
980 749 1014 809 hi
1032 770 1168 833 quoquo,
1190 771 1252 813 uua

146 875 215 915 essm
232 855 374 934 vigesimo
396 853 540 934 septimo,
568 854 677 934 integri
703 855 743 915 ad
770 873 826 916 nos
856 863 1074 935 pervenerunt,
1105 853 1253 916 Friderici

145 957 332 1036 Rostgaardii
347 959 459 1020 nobilis
471 958 548 1020 Daui
573 977 664 1040 opera
684 965 715 1018 et
730 957 913 1042 sumptibcs3
941 979 1001 1039 qua
1023 957 1145 1039 quidem
1160 957 1199 1019 tle
1218 977 1253 1020 re

146 1061 226 1122 inin
248 1061 353 1121 fusius.

229 1163 314 1222 Inter
326 1161 401 1224 haec
414 1164 562 1244 aequitate
577 1164 819 1226 etmodsrstione
830 1164 957 1226 victoris
968 1163 1158 1226 LUDOVICI
1175 1161 1251 1224 ΜΔ-

147 1265 216 1326 GNI
231 1286 294 1348 psx
308 1267 444 1347 Europae
464 1267 602 1327 restituta
618 1276 672 1328 eat.
715 1267 839 1328 Solutus
861 1269 923 1328 iam
939 1268 1114 1347 urgentibus
1137 1265 1255 1327 diffici-

145 1369 218 1428 lium
242 1377 412 1451 temporum
432 1369 513 1430 curis
535 1369 631 1448 Regni
649 1367 822 1430 administer
844 1369 941 1452 (nunc
964 1370 1106 1430 Francius
1124 1363 1254 1429 Cancel-

146 1469 443 1552 larius)Luuov1cus
457 1472 745 1534 Poucuaurusausua
762 1473 800 1532 ad
815 1491 864 1550 ea,
886 1469 1033 1552 quaesibi
1047 1472 1254 1536 commendata

146 1576 256 1654 allega
271 1584 375 1652 mant,
396 1574 481 1654 pacis
502 1585 676 1638 ornamenta
698 1573 909 1658 amplificanda
930 1585 1029 1636 totum
1052 1596 1083 1638 se
1103 1575 1202 1637 animo
1220 1585 1252 1638 et

146 1677 328 1756 cogitatione
341 1677 499 1742 contulit.

228 1781 399 1862 Luparseae
421 1780 562 1844 officinae
579 1790 670 1863 typos
691 1781 838 1859 Graecos,
873 1781 1007 1843 omnium
1036 1784 1091 1866 qui
1117 1801 1254 1865 unquam

146 1882 270 1943 fuerunt
292 1883 527 1963 elegantissimos
534 1928 544 1962 ,
566 1886 687 1946 inutiles
713 1895 744 1946 et
772 1887 884 1946 otiosos
906 1904 1015 1946 vacare
1035 1906 1121 1966 aegre
1140 1887 1255 1948 serebat
1375 1905 1378 1920 ¹

146 1985 274 2045 losum
297 1986 417 2049 Patruus
441 1989 625 2064 Hieromus,
654 1987 754 2048 Abbas
777 1987 997 2076 nobilissimus,
1035 1989 1141 2049 Comes
1162 1986 1255 2050 hodie

147 2088 405 2151 consistes-ianus:
427 2092 478 2170 qui
492 2089 558 2172 ipso
571 2091 644 2152 belli
655 2101 809 2174 temporo,
832 2111 902 2152 eum
915 2075 1083 2155 avunculus
1093 2093 1254 2152 Porcula-

146 2211 289 2251 merus
304 2189 433 2254 infinitis
448 2194 575 2273 negotiis
591 2194 829 2274 distringeretur,
852 2189 938 2277 Reip.
951 2194 1114 2256 litterariae
1132 2193 1254 2254 etAca·

146 2291 313 2354 demiarum
327 2294 394 2354 iura
409 2295 454 2356 sic
469 2305 585 2357 tutatus
597 2298 703 2374 fuerat,
724 2307 803 2358 utet
820 2315 891 2358 auus
906 2297 1016 2358 litteris
1029 2296 1126 2357 honos
1141 2315 1254 2378 perpa-

145 2405 200 2456 tuo
216 2405 284 2458 tum
299 2395 483 2477 constiterit,
505 2408 536 2461 et
549 2399 626 2461 viris
643 2399 829 2461 Academicis
845 2398 977 2480 praemia
996 2399 1034 2460 de
1052 2419 1136 2460 more
1149 2419 1254 2480 perso·

144 2499 211 2560 luta
222 2499 294 2567 sint
335 2499 497 2580 utigitur,
518 2504 634 2585 pacatis
651 2505 711 2564 iam
728 2512 760 2564 at
777 2503 949 2583 tranquillis
961 2502 1070 2579 rebus,
1093 2521 1166 2563 cura
1179 2501 1255 2562 haec
1365 2579 1368 2595 '

143 2600 204 2662 fnit
215 2623 279 2662 uon
296 2609 465 2684 postrema,
492 2604 623 2668 Graecos
643 2606 736 2667 libros
760 2615 903 2686 typorum
917 2604 1076 2684 Regiorum
1093 2605 1161 2667 luce
1178 2605 1255 2664 illue

144 2713 253 2768 strue.
294 2703 424 2765 Undeet
437 2725 502 2783 me,
523 2707 614 2788 longo
634 2708 845 2770 familiaritatis
863 2725 920 2768 usu
944 2705 1158 2782 coniunctum,
1177 2704 1253 2766 hor·

145 2815 229 2868 tatus
248 2816 314 2886 est,
332 2816 371 2868 ut
382 2807 548 2891 Nicephori
563 2811 712 2890 Gregorae
727 2808 851 2891 scripta,
874 2827 950 2889 quae
965 2817 1071 2890 parata
1082 2808 1192 2870 habere
1206 2827 1255 2871 me
1282 2821 1287 2828 “

146 2911 264 2992 saepius
285 2909 445 2989 dixissem,
466 2913 549 2993 Regii
564 2912 763 2996 typographei
778 2911 888 2995 praelis
909 2913 1126 2974 committerem
1147 2933 1254 2992 quam·

146 3014 291 3096 primum.
333 3015 396 3095 ligo
410 3033 483 3077 vero
496 3018 748 3099 permittentssius,
769 3017 861 3077 immo
875 3015 1046 3076 iubentibus
1058 3014 1106 3091 iis,
1128 3033 1256 3094 quorum

148 3136 264 3178 summa
275 3125 322 3178 est
335 3117 418 3198 apud
427 3115 655 3196 insonueritis,
668 3121 798 3182 oblatam
809 3119 1000 3181 occasionem
1012 3117 1115 3179 statim
1124 3117 1255 3198 arripui3

147 3229 180 3281 et
194 3221 300 3302 paucis
313 3227 382 3300 post
396 3217 500 3280 diebus
514 3222 601 3283 Tomi
615 3223 706 3306 primi
718 3221 811 3284 editio
826 3230 932 3305 coepta
943 3229 996 3284 est.
1028 3221 1095 3296 Qua
1110 3219 1144 3278 in
1157 3227 1254 3300 parte,

150 3323 294 3404 quonism
308 3321 435 3384 wolfius
447 3323 523 3385 milri
535 3326 684 3408 praeivit,
704 3325 780 3408 quid
800 3325 943 3409 privatim
964 3325 1028 3406 ipse
1053 3321 1254 3406 praestiterim

150 3443 309 3509 exponam.
745 3509 748 3516 Ι

231 3529 315 3591 lutet
334 3527 454 3591 cedices
474 3533 696 3616 manuscriptos
715 3529 919 3594 Bibliothecae
933 3527 1039 3608 Regiae
1060 3549 1140 3590 unus
1158 3525 1254 3589 char·

150 3641 268 3710 uuus,
289 3630 341 3692 oui
360 3633 523 3716 inscriptus
537 3645 583 3697 est
595 3655 741 3696 numerus
765 3635 867 3710 2568,
886 3641 1006 3714 praeter
1031 3631 1188 3694 historiam
1216 3651 1253 3690 o·

150 3753 249 3796 sunau
262 3732 537 3815 Pachymeriansm,
558 3737 652 3799 libros
670 3740 821 3818 Gregorae
835 3734 996 3798 historicos
1008 3734 1149 3796 masam
1165 3754 1255 3795 com-

149 3837 313 3918 plectitur,
345 3855 398 3898 eos
420 3838 562 3902 videlieet
587 3842 638 3923 qui
663 3861 681 3902 a
707 3839 818 3901 Wolfio
837 3839 971 3920 primum
996 3837 1068 3899 editi
1096 3846 1176 3898 sunt.
1219 3836 1255 3895 ln

150 3957 186 4001 eo
207 3942 333 4019 codiee,
356 3939 453 4002 bonae
472 3941 587 4024 alioqui
609 3951 753 4004 rsotaeet
774 3940 846 4003 setis
868 3943 993 4026 antiquo
1018 3939 1103 4022 (nam
1128 3940 1259 4021 scriptus

149 4053 196 4105 est
215 4054 285 4106 aute
303 4053 422 4126 captam
441 4064 459 4104 a
480 4045 587 4106 Tussis
608 4041 931 4131 Constantinopolin),
951 4043 1012 4106 hoc
1033 4043 1184 4122 singulare
1205 4049 1262 4116 est,

149 4149 230 4228 quod
246 4167 325 4233 quae
338 4145 371 4208 in
386 4147 471 4234 libris
486 4148 574 4210 editis
591 4171 697 4212 manca
712 4159 828 4212 suntet
843 4149 1019 4232 imperfecta
1027 4159 1041 4227 ,¹
1059 4166 1092 4228 ea
1114 4143 1158 4203 ibi
1180 4141 1261 4202 inte-

147 4267 201 4330 gra
214 4249 417 4336 reperiantur.
459 4253 587 4316 Deersut
599 4263 698 4318 autem
709 4253 844 4316 inlibris
861 4251 950 4316 editis
965 4253 1023 4314 tris
1038 4249 1092 4310 illa
1110 4247 1260 4326 fragmen·
