3084 4862
324 271 560 344 NICEPHORI
581 273 819 343 GREGORAE
839 273 960 343 VlI'A.
1114 285 1201 336 xum

120 431 256 515 preditum
278 441 368 514 utque
381 432 454 493 hinc
468 443 624 496 auctorem
637 453 673 494 eo
683 434 751 516 ipso
765 454 843 495 enno
854 433 1015 494 decessisse
1029 433 1111 496 credi
1125 457 1201 516 pos-

118 521 166 581 sit:
183 520 232 580 sed
252 539 286 579 es
298 529 418 580 unium
433 520 606 582 coniectura
621 530 680 596 est,
702 541 764 580 non
779 530 984 600 argumentum
999 523 1121 583 omniuo
1138 542 1200 583 cor-

118 617 183 666 tun.
222 606 325 686 Neque
343 625 416 667 vero
435 605 520 666 deest
541 607 687 687 suspicio,
708 605 822 666 idcirco
840 607 1001 684 Gregorsm
1023 608 1061 666 sd
1089 627 1201 668 annum

118 690 214 753 christi
223 711 366 753 πωπω.
387 691 587 752 narrationem
608 691 802 773 perduxisse,
825 713 884 772 quo
906 691 1048 752 haeretici
1065 694 1201 753 Pulsmse

116 775 270 857 phrenesim
296 787 327 838 et
350 775 463 840 exitum
484 778 592 838 exisse
604 779 667 838 sits
689 777 891 838 foedissimum
907 777 941 837 in
952 779 1013 838 fine
1032 778 1131 859 operis
1144 778 1200 838 ds-

115 862 258 939 scriberst3
282 873 317 923 ut
337 882 426 943 quesn
439 863 538 924 sirum
555 863 677 945 capituli
700 863 744 924 irs
757 864 862 924 vivum
879 875 1077 945 persequutus
1091 865 1199 936 fueret,

115 946 209 1008 mous
221 959 320 1009 morte
335 949 420 1009 velut
430 949 526 1010 stadio
541 950 665 1010 decurso
680 949 781 1010 victor
792 951 1026 1030 conquiesceret.

185 1035 225 1094 m
244 1036 307 1095 fuit
325 1035 556 1112 Pslsmitsrum,
584 1036 721 1117 inprimis
747 1037 859 1097 Gellisti
880 1036 1084 1118 patriarches,
1105 1035 1201 1096 inhn-

115 1120 245 1198 msnitss,
267 1130 306 1180 ut
328 1120 381 1201 qui
402 1121 438 1181 sb
461 1142 565 1183 eorum
587 1122 795 1182 communione
812 1123 940 1203 sepursti
962 1123 1127 1198 vixissent,
1150 1141 1201 1182 eos

112 1215 311 1286 postmortem
331 1207 494 1288 insepultos
511 1207 620 1289 proiici
632 1208 775 1279 iuberent,
799 1207 922 1269 cunibus
936 1218 967 1268 et
981 1209 1061 1289 lupis
1073 1208 1202 1289 prsedse

113 1291 218 1352 futuros
232 1290 270 1373 ¹).
314 1291 404 1366 Quod
421 1293 446 1352 si
461 1293 522 1374 qui,
545 1295 710 1354 communis
725 1302 849 1354 naturae
863 1295 1045 1356 verecundis
1065 1305 1094 1354 et
1109 1294 1201 1354 mise-

111 1377 213 1439 ratione
229 1379 377 1459 permoti,
400 1379 523 1440 illorum
545 1400 672 1460 corpora
686 1379 875 1456 humescent,
897 1400 1012 1440 novum
1029 1380 1143 1440 crimen
1158 1377 1202 1438 si·-

110 1463 165 1521 mili
175 1484 274 1544 poena
285 1462 432 1528 luebstur.
463 1467 536 1526 Eum
550 1465 744 1546 ignominiam
756 1465 915 1524 Pulumitse
924 1463 952 1547 ²)
962 1464 1138 1546 iampridem
1144 1463 1202 1524 Ni-

111 1547 228 1628 cephoro
255 1550 406 1629 Gregorse
423 1551 677 1614 denunciaverunt
690 1549 726 1633 ⁸).
769 1551 849 1611 Huic
865 1562 964 1611 sutem
982 1549 1203 1632 optatissimum

110 1632 136 1692 id
147 1645 215 1710 esst,
239 1635 279 1694 od
292 1637 428 1717 martyrii
441 1638 572 1718 pslmsm
585 1637 738 1718 aspiranti.
780 1638 886 1718 Itaque
898 1647 927 1696 ct
940 1636 1000 1696 hoc
1010 1645 1129 1717 prester
1144 1636 1203 1694 slis

109 1717 301 1799 dgsthsngelc
313 1733 504 1802 praeceperat
523 1719 569 1809 ⁴),
591 1732 627 1783 ut
640 1743 708 1783 cum
718 1743 781 1784 sese
799 1733 952 1785 mortuum
960 1723 1089 1801 ferisque
1104 1741 1201 1802 expo-

110 1804 191 1864 situm
215 1816 435 1886 conspecturus
449 1818 541 1887 esset,
565 1808 645 1870 omni
663 1830 789 1890 prorsus
803 1809 954 1870 cadaveris
968 1806 1113 1868 humandi
1128 1826 1202 1866 curs

110 1897 136 1948 st
150 1889 231 1950 insui
254 1892 358 1954 labore
380 1894 594 1974 supersederet.
640 1896 735 1956 Porro
761 1905 792 1957 st
816 1895 1027 1955 Pelamitsrum
1050 1892 1148 1953 minse
1172 1899 1202 1950 et

109 1975 248 2055 Gregorse
271 1988 342 2038 vote
365 1977 509 2040 hactenus
523 1990 590 2040 rste
604 1983 735 2042 suerunt.
778 1979 984 2062 Spectandum
997 1977 1080 2039 illud
1091 1997 1201 2056 corpus

109 2067 204 2144 magni
229 2063 318 2123 mdes·
339 2086 427 2124 unae
442 2069 607 2146 praeconis
622 2065 969 2150 (inquitGyperissiotes
985 2063 1013 2148 ⁶)
1040 2063 1096 2124 din
1117 2061 1202 2123 indi-

109 2144 314 2210 briolrabs'tum
323 2153 570 2212 etcircunslatum
577 2175 589 2228 ‚·
605 2157 668 2213 eius
678 2175 780 2235 nempe
794 2158 863 2232 viri,
879 2177 939 2236 quc
953 2175 1007 2212 nec
1014 2155 1092 2210 inter
1093 2149 1201 2230 phito-

108 2235 207 2312 soplsos
235 2239 402 2318 quisquam
421 2239 626 2316 excellentior,
648 2253 700 2299 nec
723 2243 801 2300 inter
817 2253 935 2300 ascetae
949 2239 1132 2317 disciplinae
1146 2236 1201 2294 oh-

106 2323 281 2401 sen⁹antior3
303 2325 409 2382 necin
431 2323 580 2384 obeundis
593 2345 653 2404 pro
673 2327 818 2407 religione
837 2325 1068 2400 certaminibus,
1091 2343 1145 2381 nec
1165 2323 1200 2380 in

106 2405 141 2461 iis
153 2407 267 2488 quibus
279 2419 444 2468 tentatores
455 2431 524 2469 enm
537 2422 687 2472 vexarunt
696 2411 973 2490 persecutionibus,
999 2409 1201 2482 contumeliis,

107 2497 284 2574 carcerieque
296 2499 456 2576 angustiis
468 2495 637 2556 tolerandis
648 2500 837 2556 constantior
848 2499 916 2574 fait
923 2520 934 2572 ,-
958 2493 1139 2554 admirandi
1150 2496 1201 2550 in-

106 2596 192 2654 quam
212 2580 301 2638 illius
323 2582 578 2644 NICEPHORI
597 2583 858 2658 GRMORAE,
881 2581 918 2640 de
939 2603 1066 2662 pauper
1082 2590 1203 2637 utram-

106 2682 157 2740 que
175 2667 410 2744 appellationem
429 2667 512 2728 nilsil
525 2671 612 2730 Deus
625 2667 718 2727 aliud
737 2669 942 2749 significarit,
964 2669 1027 2724 nisi
1046 2685 1113 2723 earn
1125 2665 1202 2720 ani-

105 2767 148 2807 mo
168 2753 261 2831 vigili
274 2763 302 2811 et
315 2766 479 2834 experrecto
499 2757 647 2813 victorias
661 2753 701 2812 ab
718 2753 857 2812 hostibus
875 2754 1015 2813 ueritatis
1030 2759 1203 2830 reportata-

104 2853 178 2898 rum.
230 2837 296 2898 Hoc
320 2837 415 2917 slogio
434 2849 587 2922 mortuum
613 2839 776 2919 Gregorsm
803 2839 929 2899 ornsbst
947 2839 1073 2900 Ioannes
1100 2837 1205 2914 Cyps-

104 2919 248 3000 n'ssiotes3
266 2943 306 2984 ex
318 2924 405 2984 cuius
418 2926 524 3004 pandi
539 2926 694 2988 volumine
707 2929 894 3007 Halapnroiv
902 2918 1103 3007 παραβάσεων
1111 2921 1205 2981 birros

104 3003 175 3066 duos
189 3007 315 3070 selectos
324 3012 427 3072 Latine
441 3012 549 3089 vertit,
567 3021 596 3074 et
611 3013 751 3072 inlunem
766 3015 883 3095 primus
892 3011 998 3088 edidit,
1013 3011 1050 3069 R.
1066 3007 1204 3068 P.Frsn·

104 3089 196 3153 cisum
210 3093 413 3160 combsfinus.

184 3180 332 3260 Gregorce
352 3182 425 3242 vitis
446 3181 559 3262 (neque
580 3183 659 3244 enim
674 3183 738 3244 eius
757 3181 914 3265 scriptoris
936 3190 999 3241 tem
1016 3179 1118 3260 inepte
1136 3195 1204 3237 suus

104 3259 213 3340 fautor,
243 3276 280 3326 ut
304 3267 390 3328 nulls
417 3266 557 3328 habuisse
575 3289 644 3329 eum
667 3266 859 3354 contendum)
888 3267 1018 3328 maxime
1040 3265 1204 3345 conspicuo

105 3343 175 3407 haec
194 3351 324 3416 iusnmt.
377 3353 485 3436 Asper,
508 3363 664 3432 austerus,
688 3357 845 3435 pertinax,
868 3354 1023 3434 Principes
1047 3369 1140 3429 aeque
1168 3367 1204 3406 sc

105 3433 235 3512 privatos
258 3437 379 3516 linguse
402 3439 567 3521 petulantis
587 3439 728 3501 offendit:
758 3441 975 3522 philosophus,
999 3437 1097 3496 cnimo
1122 3433 1205 3494 haud

105 3515 275 3599 imperavit:
298 3523 476 3602 historicus,
497 3524 630 3605 partium
653 3525 793 3586 effectum
816 3547 878 3586 non
897 3525 996 3584 exuit:
1017 3521 1131 3602 glorios
1148 3521 1203 3582 de-

106 3603 194 3683 nique
214 3609 379 3690 cupiditate
401 3621 431 3670 et
450 3631 551 3670 amors
564 3611 610 3670 sui
630 3613 726 3694 ipsius
749 3613 845 3672 nimio
859 3610 1017 3672 laboravit.
1061 3609 1150 3668 Plura
1169 3605 1204 3663 in

101 3689 174 3758 ,stilo
195 3693 456 3775 reprehendends;
478 3695 617 3778 inprimis
641 3699 820 3778 κακοζηλία,
843 3719 896 3758 seu
914 3696 1070 3756 ambitiosa
1083 3693 1203 3771 elegan-

106 3773 164 3834 tise
187 3777 353 3856 sliestcti05
375 3781 491 3864 poetico
517 3783 679 3844 verborum
703 3785 840 3844 luxuries
847 3805 856 3861 3
886 3784 999 3864 figurae
1020 3782 1203 3854 insolentes3

105 3855 281 3944 hyperbots3
304 3867 427 3930 crebras
447 3889 509 3928 non
521 3870 612 3929 modo
626 3869 789 3930 verborum
808 3870 862 3930 ssd
878 3881 908 3929 et
922 3867 1139 3930 sententiarum
1151 3883 1203 3925 rs·
1228 3921 1230 3926 .

105 3949 267 4024 petitiones.
312 3953 404 4028 Quod
426 3954 452 4014 si
471 3955 687 4016 conferendum
708 3955 877 4036 exemplum
894 3955 954 4031 cst,
976 3952 1106 4014 inlibris
1122 3951 1203 4012 eius·
1260 3973 1268 3990 ·

142 4099 250 4166 rsus.
271 4121 349 4158 sven.
373 4125 397 4159 s.
416 4107 440 4160 1.
511 4079 547 4175 s)
569 4107 625 4164 sn.
645 4123 721 4172 sne.
756 4127 759 4134 ·
796 4107 829 4175 s)
853 4108 892 4160 se
915 4071 968 4176 nn
992 4107 1069 4162 soem
1093 4101 1205 4172 lgneus,

174 4173 335 4238 patriarchas
352 4175 518 4230 nnuocheno.
558 4177 624 4230 Vide
641 4177 678 4230 lo.
692 4177 896 4244 Cyparissiotam
917 4177 1102 4231 Pulmuicsrum
1121 4179 1206 4223 truns-

175 4242 331 4307 Morum
348 4245 428 4297 Ser-sn.
449 4261 485 4297 ss.
503 4261 526 4297 c.
544 4245 591 4300 ult.
662 4245 694 4315 t)
714 4245 814 4302 Hister.
832 4246 875 4301 lib.
896 4263 982 4302 sxvn.
1053 4245 1085 4314 5)
1110 4239 1206 4294 Pslssu.

176 4315 600 4386 commeminerint.
653 4325 656 4334 ’
