3084 4862
311 265 386 314 mr
537 253 773 323 MCEPHORI
792 253 1035 324 GREGORAE
1054 255 1173 324 VlTA.

311 433 383 476 nere
405 412 494 474 dixit.
525 413 570 473 lta
583 413 692 474 sensim
705 422 735 473 et
746 412 811 472 sine
823 431 913 473 saum
924 411 1075 492 producta
1085 414 1118 473 in
1131 412 1261 476 medium
1274 433 1309 474 ea
1321 433 1410 494 quam

310 509 374 562 erat
385 498 615 580 praemeditatus
633 497 819 578 quaestione,
836 517 919 558 suem
934 497 971 558 de
987 499 1036 558 die
1044 498 1179 580 paschali
1195 500 1410 561 constituendo

311 585 488 646 sententiam
510 586 680 646 luculenter
703 584 864 664 explicuit:
894 583 1094 664 investigandi
1113 585 1295 665 aequinoctii
1312 587 1409 662 verni,

308 671 382 731 item
395 669 553 750 plenilunii
569 670 746 742 observandi
760 669 906 729 rationem
919 669 1059 731 tradidit:
1080 670 1194 730 addice
1209 689 1333 747 ccmxv,
1356 671 1411 751 qui

311 775 425 816 annum
446 757 572 827 solarem
592 751 825 832 constituerent,
855 755 1005 834 integrum
1026 756 1114 815 unius
1131 756 1190 816 disi
1212 757 1410 835 quadrantem

309 861 374 904 nou
388 841 495 900 debere
512 841 583 902 addi
597 841 745 919 ostendit,
767 840 818 900 sed
833 839 1035 900 deducendam
1052 841 1124 901 inde
1138 851 1254 922 partem
1270 841 1330 902 diei
1343 843 1410 902 bre-

309 925 472 1002 vissimam,
483 947 549 986 nou
562 935 662 986 tamen
673 926 909 986 trecentesimam
920 927 1015 1006 ipsam
1030 947 1171 1008 prorsus,
1192 937 1228 988 ut
1244 927 1411 986 censuisset
1472 998 1476 1006 Ι

308 1011 511 1074 Ptolemaeus:
533 1012 590 1071 alia
605 1011 732 1092 denique
744 1011 839 1072 multa
852 1011 884 1070 in
900 1031 963 1072 earn
981 1033 1045 1072 rem
1061 1011 1225 1092 congessit,
1247 1012 1411 1092 exquibus

309 1097 345 1157 id
363 1097 564 1173 efficiebatur,
585 1097 622 1156 ab
645 1096 842 1157 annemundi
867 1098 929 1158 fere
950 1117 994 1158 vr.
1007 1117 1107 1175 uccu,
1139 1098 1194 1178 qui
1215 1096 1274 1156 fuit
1297 1097 1412 1156 Christi

309 1201 452 1257 nemen,
475 1192 606 1243 erramm
628 1202 691 1244 ease
712 1183 746 1242 in
765 1183 904 1263 ponenda
922 1192 1092 1264 temporum
1112 1185 1245 1255 ratione,
1266 1191 1356 1261 atque
1375 1182 1412 1240 in

309 1266 461 1329 Pascbatis
482 1267 531 1328 die
548 1268 755 1345 'observand03
782 1287 851 1328 eum
873 1287 946 1328 voro
968 1287 1100 1329 errorem
1123 1268 1167 1327 ita
1180 1287 1269 1349 posse
1290 1266 1411 1346 corrigi,

310 1353 337 1413 si
364 1352 402 1414 de
428 1352 545 1412 dierum
566 1373 681 1413 summa
702 1353 793 1435 paulo
820 1353 889 1434 plus
925 1353 1016 1413 biduo
1046 1353 1163 1432 integro
1193 1351 1411 1428 detraherem,

236 1467 237 1470 ¹
309 1447 340 1499 et
361 1437 515 1498 Pascbatis
540 1439 708 1500 observatio
739 1437 878 1519 proxime
904 1447 973 1497 ante
1004 1437 1082 1497 diem
1103 1438 1207 1500 Martii
1230 1439 1412 1518 vigesimam

307 1523 534 1597 institueretur,
583 1543 660 1604 quae
696 1544 712 1583 a
741 1522 882 1602 vigesimo
919 1521 1053 1584 secundo
1091 1543 1251 1604 perperam
1289 1521 1412 1583 institui

308 1607 428 1668 soleret.
477 1608 641 1688 Imperator
664 1608 825 1669 consilium
860 1607 898 1668 de
922 1607 1065 1669 Pascbate
1092 1607 1272 1686 corrigendo
1295 1607 1412 1690 proba-

307 1693 374 1770 vit3
394 1712 458 1753 rem
471 1692 568 1773 ipram
583 1695 703 1774 aggredi
714 1693 834 1771 noluit,
857 1693 941 1773 quod
958 1703 1079 1772 negaret
1094 1695 1184 1753 lacile
1197 1713 1259 1753 esse
1275 1695 1413 1756 omnium

306 1778 463 1838 ranorum
478 1777 618 1858 suffragia
644 1780 783 1858 colligere
790 1823 800 1856 ,
821 1787 851 1838 at
870 1789 1025 1860 receptum
1045 1787 1111 1838 toto
1136 1779 1208 1840 orbe
1231 1799 1319 1839 usum
1335 1779 1412 1839 sbo-

307 1861 380 1924 tere.
424 1863 572 1942 Gregorae
595 1863 772 1926 sententiam
788 1864 839 1923 alii
862 1875 966 1944 postea
988 1865 1152 1925 ssmonomi
1174 1863 1412 1944 chronologique

309 1947 522 2026 defenderunt,
543 1959 632 2030 atque
643 1951 780 2032 inprimis
791 1947 876 2008 isaac
890 1948 1031 2030 Argyros.
1074 1951 1200 2010 Saeculo
1225 1949 1346 2010 demum
1360 1950 1412 2010 de-

308 2032 387 2092 cimo
405 2043 505 2110 sexto,
528 2054 562 2094 ea
575 2036 747 2115 quaestione
764 2033 845 2116 apud
857 2035 980 2095 Latinos
1003 2055 1123 2115 quoque
1146 2037 1273 2114 agitata,
1296 2035 1412 2094 Kalen-

308 2115 426 2178 dsrium
447 2139 486 2178 ex
499 2121 678 2181 auctoritate
690 2120 827 2200 Gregorii
842 2120 922 2198 Xlll,
944 2141 978 2181 eo
995 2121 1057 2182 lere
1071 2119 1172 2198 modo,
1188 2141 1278 2200 quem
1293 2121 1411 2200 Grego-

305 2221 355 2262 raa
369 2203 589 2284 designaverat,
610 2208 807 2268 reformatum
818 2205 885 2268 fuit.
979 2263 984 2268 .

390 2305 477 2367 Anno
502 2327 668 2368 uccnxxvr.
689 2307 804 2387 legatus
819 2307 879 2367 ivit
893 2305 933 2366 ad
949 2307 1065 2367 Crslem
1082 2304 1120 2387 ¹).
1163 2307 1236 2369 Eius
1252 2303 1411 2386 legationis

305 2387 395 2450 eausa
407 2389 482 2451 lreec
498 2393 564 2452 tuit
593 2391 745 2453 Theodori
759 2391 940 2454 Metocbitse
952 2391 1014 2452 filia
1025 2393 1122 2470 Irene,
1146 2402 1265 2453 mortuo
1283 2392 1412 2471 coniuge

304 2473 417 2537 Ioanne
432 2477 622 2556 Palaeologo‚
646 2479 700 2558 qui
714 2497 753 2538 ex
767 2477 1039 2558 Prnhypersebasto
1056 2479 1164 2538 (issaar
1179 2487 1296 2538 creatus
1310 2479 1413 2538 novu-
1470 2489 1473 2501 ⁴

304 2561 379 2620 sime
393 2563 504 2639 fueret,
524 2564 607 2643 apud
623 2563 739 2623 Cralem
756 2583 898 2643 generum
912 2564 1102 2642 morabatur,
1124 2585 1160 2624 ac
1176 2565 1298 2624 doenum
1309 2563 1412 2624 redire

204 2713 209 2722 .
304 2646 343 2707 ad
357 2657 473 2728 patrem
486 2649 651 2708 recusabat.
693 2648 797 2729 ltaque
811 2647 988 2710 Metochites
1003 2658 1091 2730 pater
1112 2659 1217 2710 auctor
1237 2649 1296 2708 fuit
1309 2649 1413 2729 impe-

302 2732 415 2810 ratori,
436 2743 473 2793 ut
486 2755 550 2794 eam
567 2735 667 2796 redire
683 2743 811 2813 cogeret.
854 2735 897 2794 De
916 2755 949 2792 aa
964 2755 998 2794 re
1017 2734 1100 2794 missi
1120 2735 1158 2794 ad
1176 2734 1292 2794 Cralem
1312 2735 1411 2812 legati,

303 2835 432 2896 quorum
447 2839 524 2878 unus
539 2819 598 2879 suit
611 2820 773 2896 Gregoras,
795 2837 893 2878 comes
909 2819 994 2878 datus
1008 2819 1096 2879 fratri
1110 2819 1205 2900 ipsius
1219 2821 1331 2880 lrenes.
1374 2821 1413 2880 In

193 2925 199 2936 ·
303 2920 337 2958 ea
351 2902 513 2980 legatione,
535 2904 677 2982 quaesibi
690 2912 720 2962 et
734 2903 823 2963 sociis
837 2904 900 2962 suis
913 2903 947 2961 in
957 2903 1064 2963 itinere
1079 2904 1260 2979 acciderint,
1284 2921 1412 2983 errores,

302 2987 454 3065 pericula,
477 2997 507 3047 et
523 2989 597 3048 alios
611 3007 698 3048 casus
714 2988 778 3047 fuse
794 2988 984 3049 describitis
1003 2987 1144 3050 Historia.
1189 2990 1292 3050 Crales
1307 2990 1413 3050 audita

303 3071 450 3150 legatione
472 3091 592 3134 socrum
618 3073 724 3132 lrenen
748 3073 871 3133 dimisit.
913 3073 1005 3150 Haec,
1031 3083 1067 3133 ut
1082 3074 1149 3135 viro
1163 3075 1242 3134 iusta
1255 3076 1413 3158 persolve-

303 3165 366 3234 ret,
388 3156 631 3218 Thessalonicem
653 3158 725 3218 iude
739 3159 877 3239 prolecta
901 3170 952 3220 est.
997 3159 1143 3240 Gregorae
1165 3179 1254 3237 veru,
1276 3161 1412 3243 acceptis
1536 3155 1537 3172 ¹

306 3241 342 3300 ab
359 3261 392 3302 ea
407 3242 571 3320 mandatis,
593 3243 772 3324 Byzantium
789 3243 890 3306 rediit.

387 3343 515 3405 Riennio
528 3343 647 3426 post2)
675 3345 777 3406 iunior
797 3345 989 3414 Andronicus
1009 3347 1294 3428 Constantinopolin
1315 3357 1412 3409 noctu

302 3447 359 3510 per
375 3430 579 3509 proditionem
596 3429 748 3511 ingressus
763 3441 819 3508 est.
864 3432 980 3492 Seniori
995 3442 1125 3515 potestas
1144 3435 1242 3493 omnis
1259 3433 1410 3513 abrogata.

303 3511 454 3574 Theodori
469 3515 646 3578 Metocbitae
663 3517 769 3576 domus
790 3517 923 3598 direpta:
945 3517 1011 3598 ipae
1024 3519 1273 3599 Didymoticbum
1293 3521 1411 3598 relega-

302 3609 352 3658 tus
365 3597 409 3681 ³),
431 3601 510 3661 unde
525 3610 597 3682 post
616 3601 770 3661 biennium
790 3612 949 3663 revocatus
970 3603 1093 3663 domum
1108 3605 1208 3666 rediit.
1252 3605 1410 3684 Gregoras,

302 3685 356 3762 qui
370 3683 486 3745 easdem
500 3695 600 3766 partes
618 3697 762 3768 sequutus
776 3687 890 3764 fueret,
911 3686 998 3748 bonis
1012 3690 1175 3770 spoliatus,
1197 3700 1229 3750 at
1243 3712 1305 3750 uon
1322 3691 1411 3750 etiem

302 3769 335 3826 in
355 3769 478 3830 exilium
497 3771 604 3831 missus
617 3768 657 3852 ¹²).
699 3771 850 3833 Nimirum
863 3771 949 3850 huic,
972 3774 1042 3854 quia
1063 3778 1125 3835 otio
1148 3785 1178 3836 et
1195 3776 1410 3855 tranquillitati

302 3873 420 3935 semper
433 3856 609 3934 studuerat,
632 3877 688 3918 nec
709 3857 832 3939 publica
846 3859 964 3936 negotia
978 3869 1178 3940 tractaverat,
1202 3862 1298 3922 levior
1311 3881 1411 3942 poena

301 3937 431 4020 irrogata
444 3951 498 4001 est.
534 3942 738 4032 Fuitquoque
751 3945 780 4006 ei
794 3943 821 4004 is
833 3942 964 4024 aunarii)
977 3943 1098 4028 Ioannis
1112 3945 1272 4008 Heracleae
1288 3945 1409 4008 archie-

336 4123 368 4192 t)
390 4122 460 4178 Hist.
477 4125 522 4180 lib.
537 4143 596 4182 rut.
617 4146 642 4182 e.
660 4125 702 4182 14.
787 4129 820 4198 ξ)
843 4129 874 4183 A,
891 4129 923 4182 O.
943 4144 1109 4185 rocoxxrnr.
1133 4147 1219 4186 menso
1242 4131 1320 4187 Maio.
1348 4131 1407 4186 Lib.

369 4209 407 4246 rx.
424 4211 447 4246 c.
461 4197 486 4250 i
502 4201 529 4249 et
547 4197 573 4254 7.
643 4195 678 4264 8)
700 4195 883 4268 Dialogrrepl
902 4201 1006 4270 σοφίας
1027 4200 1085 4256 cod.
1107 4217 1165 4272 rag.
1187 4200 1266 4259 3284.
1284 4199 1329 4258 tot.
1346 4198 1408 4261 247.

372 4259 404 4331 4)
422 4263 530 4322 ibidem.
598 4267 705 4338 meib.
721 4282 759 4320 rx.
778 4285 801 4322 c.
815 4268 840 4321 7.
