3084 4862
323 287 455 336 xnxvurs
557 267 790 342 NICEPIIOIII
810 266 1051 339 GREGOIIAE
1072 267 1190 340 VITA.

98 399 102 408 '
226 425 260 468 ⁵
323 435 362 498 na
380 434 552 496 meseum
572 429 692 494 sane.
734 427 808 490 nat
827 429 854 490 r·
871 429 979 511 prosu
996 427 1088 490 auio
1101 429 1210 490 rauna
1225 425 1251 510 ι)
1273 425 1419 512 maspi-

225 551 230 558 ·
323 541 436 603 scopus
455 518 660 600 smyrnensis,
690 534 779 596 quem
805 525 933 577 exeunte
955 535 1034 576 anno
1055 535 1184 576 mcomv.
1196 514 1377 595 obsequium
1391 525 1421 576 et

324 607 453 667 debitam
468 606 618 665 Romanae
640 602 703 664 aedi
719 601 913 662 maerentium
933 601 1074 662 aloanne
1091 601 1265 680 Palaeologo
1283 601 1421 682 Impera-

322 699 391 753 tore
415 701 538 772 pactum
560 689 668 768 luisse,
697 687 840 748 discimus
857 707 894 747 ex
913 685 1311 747 Annalibnsecclesiasticia.
1363 686 1421 746 llio

324 796 395 838 cum
412 775 449 836 de
467 775 609 836 ecclesiae
627 776 757 835 Graecae
769 772 963 854 opinionibus
974 773 1063 834 novis
1080 772 1173 834 multa
1185 771 1363 848 audivisset,
1384 773 1422 830 ab

322 861 507 943 imperatore
528 861 710 943 postulavit,
729 867 764 918 nt
783 857 841 919 sibi
863 879 934 920 cnm
953 859 1090 936 Palama,
1119 877 1222 918 earnm
1243 857 1423 938 opinionum

323 956 462 1025 auctora,
485 947 626 1026 congredi
646 965 746 1006 coram
765 944 884 1006 liceret:
904 965 978 1004 mox
996 954 1114 1020 antem,
1136 945 1214 1004 facta
1230 941 1424 1023 colloquendi

323 1031 427 1113 copia,
447 1033 502 1092 ubi
513 1053 580 1093 eum
597 1031 709 1114 reipsa
725 1031 828 1090 multis
842 1029 1014 1111 magnisque
1029 1029 1180 1090 erroribus
1193 1029 1344 1090 imbutum
1359 1046 1425 1088 ease

325 1118 487 1198 comperit,
514 1118 613 1199 ipsum
639 1136 758 1198 qnoque
778 1117 940 1196 Gregoram
967 1135 1037 1176 cum
1057 1135 1091 1176 eo
1113 1115 1317 1197 disputantem
1341 1113 1425 1175 velle

322 1221 355 1263 ae
371 1203 477 1264 audire
494 1203 673 1282 significavit
686 1197 727 1301 ²).
754 1201 859 1282 Itaque
872 1201 1036 1283 (ingeras,
1057 1221 1112 1283 per
1124 1220 1264 1282 magnum
1273 1198 1426 1278 logothe-

326 1296 390 1348 tam
404 1287 441 1348 ab
453 1289 634 1370 imperatore
645 1287 822 1366 osorton-in
836 1289 934 1348 aulam
948 1287 1042 1365 venit,
1063 1287 1184 1367 ignarus
1198 1307 1287 1367 qnam
1301 1284 1340 1347 ob
1355 1304 1426 1344 can-

323 1393 387 1434 aam
404 1384 575 1436 vocaretur.
617 1374 693 1434 Nam
703 1373 789 1432 illurn
809 1373 922 1434 Helena
935 1374 1084 1452 Auguste,
1107 1374 1238 1453 parentia
1252 1372 1298 1432 sui
1312 1372 1428 1430 Canta-

322 1457 429 1519 cuzeni
451 1460 555 1519 amicis
569 1461 689 1537 favens,
711 1461 896 1539 praemoneri
911 1467 1064 1535 vetuerat,
1085 1478 1124 1518 ne
1138 1458 1372 1539 praemeditatus
1387 1455 1427 1516 ad

322 1543 536 1624 disputandum
556 1545 719 1606 accederet„
762 1544 822 1606 Vix
842 1545 987 1626 palatium
1005 1545 1139 1623 ingresso
1158 1545 1337 1620 nunciatur,
1359 1537 1427 1602 Pa‘-

320 1627 429 1688 lamam
448 1630 515 1690 illic
529 1630 640 1692 adesse.
682 1633 726 1692 Eo
744 1629 856 1691 nuncio
879 1631 1007 1713 primum
1022 1631 1177 1712 perculsus
1191 1629 1301 1707 haesit;
1324 1638 1354 1687 et
1368 1647 1425 1708 pa-

293 1715 297 1722 '
321 1733 391 1774 rum
413 1714 527 1795 abfuit,
549 1716 623 1796 quin
640 1717 746 1798 pedem
768 1716 870 1776 statim
890 1717 1025 1780 referret.
1068 1715 1183 1775 Deinde
1204 1715 1303 1775 animo
1329 1713 1428 1774 oblin-

320 1807 420 1875 mato,
443 1809 473 1860 et
494 1820 510 1860 e
529 1821 563 1861 re
575 1809 644 1861 nata
661 1803 821 1863 consilium
835 1802 964 1882 saplena,
985 1800 1113 1862 ulterius
1127 1801 1270 1883 perrexit.
1313 1800 1429 1859 Aderat

320 1891 385 1943 tum
396 1886 477 1965 apud
484 1886 691 1966 Palaeologum
701 1907 842 1968 generum
854 1907 943 1947 suum
952 1886 1192 1966 Irenedngusta:
1206 1885 1428 1946 aderantaulae

321 1969 475 2048 primores.
519 1972 676 2052 Gregoras,
702 1975 831 2034 salutato
843 1973 1036 2055 Imperatore,
1060 1972 1214 2050 consedit,
1230 1981 1321 2052 atque
1336 1979 1429 2030 utne

320 2053 356 2112 in
376 2055 541 2134 praeludiis
561 2061 752 2120 recensendis
774 2058 888 2120 diutina
906 2059 1115 2133 immoremur,
1135 2058 1293 2140 proposita
1314 2057 1352 2116 ab
1368 2055 1429 2114 ad·

318 2140 453 2201 versario
475 2143 647 2220 quaestione
662 2145 699 2208 de
723 2144 934 2205 substantiaet
956 2145 1183 2225 operationibus
1201 2143 1328 2219 divinis,
1350 2140 1429 2200 haec

319 2222 353 2282 in
368 2225 429 2286 Deo
443 2225 521 2287 nihil
534 2228 655 2290 diffsus
667 2229 770 2290 miritis
785 2229 951 2290 rationibus
967 2230 1117 2311 probavit.
1147 2229 1322 2311 Imperator,
1343 2237 1430 2288 utra·

318 2328 378 2388 qua
392 2321 478 2391 parte
494 2313 612 2390 andita,
634 2315 697 2375 sive
718 2315 865 2376 incertior
880 2324 958 2376 esset
972 2335 1060 2394 quarn
1075 2313 1215 2391 antebac,
1238 2315 1300 2374 slve
1315 2314 1430 2372 Canta-

318 2413 467 2457 cuaenum
483 2418 620 2460 socerum
633 2419 721 2462 sunm
735 2401 875 2460 damnato
891 2402 1010 2461 Palama
1028 2401 1124 2462 nollet
1137 2401 1333 2475 contristare,
1355 2419 1432 2458 aen-

317 2480 443 2542 tsntiam
469 2485 547 2544 ferre
569 2485 678 2552 noluit,
721 2485 762 2546 At
781 2487 932 2561 Palamaa,
958 2486 1080 2567 benigni
1102 2487 1252 2568 Principis
1271 2484 1430 2545 silentium

317 2576 413 2646 prout
434 2567 527 2629 libuit
547 2570 778 2653 interpretatus,
800 2571 948 2653 postridie
969 2593 1025 2653 per
1038 2582 1135 2633 totam
1150 2575 1255 2634 urbem
1269 2569 1428 2644 discurrit,

317 2659 348 2710 et
371 2672 441 2713 sune
461 2650 512 2737 (nt
526 2655 636 2740 aiebat)
654 2657 800 2719 victoriae
819 2659 929 2719 samam
942 2659 1055 2739 ubique
1080 2659 1294 2720 disseminavit.
1335 2657 1382 2716 Ea
1395 2674 1430 2716 re

316 2735 530 2834 Imperatorem
554 2742 644 2804 valde
666 2743 811 2819 offendit,
835 2745 951 2805 aulicos
974 2765 1065 2822 vero,
1090 2745 1143 2825 qui
1162 2744 1302 2806 hesterno
1327 2741 1431 2801 collo-

317 2841 389 2900 quio
411 2836 582 2904 praesentes
609 2829 827 2906 interfuerant,
850 2830 894 2889 sio
909 2827 1057 2906 irritavit,
1081 2839 1118 2890 ut
1136 2849 1176 2890 ex
1188 2830 1263 2890 urbe
1277 2829 1310 2887 in
1324 2828 1430 2886 aulam

316 2925 456 2968 reversos
476 2911 555 2971 male
579 2921 609 2971 et
629 2913 749 2974 sinistre
764 2913 801 2973 ab
816 2913 854 2974 iis
867 2924 1015 2994 ,exceptus
1032 2915 1080 2975 sit
1122 2916 1157 2974 In
1171 2935 1205 2976 ea
1221 2913 1431 2995 disputatione

316 2989 392 3070 quid
412 3002 527 3073 actum,
548 2996 659 3076 quidve
680 3019 697 3058 a
717 3019 749 3060 aa
761 3009 817 3060 aut
832 2999 868 3058 ab
899 2998 1070 3060 edversario
1086 3000 1201 3062 dictum
1216 2999 1321 3074 suerit,
1346 2999 1430 3057 Gra·

315 3095 403 3174 goras
423 3078 540 3141 duobus
561 3082 599 3142 de
614 3101 648 3142 aa
664 3084 839 3166 rescriptis
854 3083 980 3164 dialogis
995 3085 1061 3146 fuse
1075 3085 1203 3148 tradidit
1218 3084 1257 3167 ⁸).
1302 3085 1346 3145 De
1359 3085 1429 3142 La-

314 3169 382 3223 tino
404 3164 563 3248 episcopo,
583 3168 668 3229 cuius
689 3171 785 3248 gratia
812 3170 999 3252 disputatum
1019 3181 1098 3250 erat,
1120 3173 1221 3233 dicere
1244 3170 1357 3231 oblitus
1382 3177 1431 3230 eat

314 3247 467 3326 quodnam
491 3251 529 3312 de
553 3262 617 3313 tota
635 3254 690 3314 illa
708 3257 931 3318 concertatione
944 3256 1089 3317 iudicium
1105 3258 1169 3318 eins
1185 3257 1332 3318 extiterit.

400 3335 558 3398 Caeterum
576 3339 803 3402 Cantacuaenus
824 3363 863 3402 ex
876 3343 1059 3423 Imperatore
1072 3343 1253 3420 monachus,
1276 3363 1345 3402 cum
1364 3359 1431 3399 no-

312 3399 369 3478 v&
384 3419 518 3502 dialogos
532 3425 653 3505 publice
665 3427 796 3488 lectitari
812 3438 842 3487 et
855 3428 989 3488 omnium
1002 3427 1139 3490 manibus
1153 3429 1212 3490 teri
1226 3426 1353 3503 videret,
1370 3444 1431 3485 sus

312 3501 456 3566 iuteresse
469 3509 607 3588 credidit,
634 3521 669 3572 nt
682 3531 773 3592 qnam
786 3513 919 3592 primum
935 3513 1146 3576 refellerentur
1159 3511 1201 3614 ⁴).
1245 3513 1351 3573 Statim
1362 3511 1431 3570 ita-

312 3609 387 3668 que,
408 3611 443 3653 eo
464 3605 606 3674 urgente,
628 3598 706 3660 varii
725 3599 824 3660 libelli
843 3599 1030 3660 aPaIamitis
1051 3601 1210 3682 compositi
1230 3597 1430 3680 prodierunt.

312 3673 407 3735 Extat
429 3697 515 3738 nuno
537 3702 657 3762 quoque
672 3683 706 3743 in
729 3683 797 3744 cod.
817 3684 1030 3747 maliibliotb.
1053 3683 1217 3766 Regiael),
1239 3686 1319 3744 inter
1331 3701 1431 3762 opera

311 3759 377 3822 Nic.
389 3762 556 3842 Cabasilae,
579 3769 750 3848 Satyricum
768 3771 952 3850 opusculum
964 3769 1025 3831 hoc
1046 3773 1151 3834 titulo:
1173 3766 1249 3836 socci
1265 3773 1328 3832 cois
1340 3772 1429 3850 Γρη·

311 3850 389 3929 70ρᾶ
408 3848 606 3932 detondens,
628 3855 664 3914 isa
677 3856 832 3936 Gregoras
845 3854 1056 3921 deliramenta.
1083 3859 1177 3920 Extat
1190 3857 1224 3916 in
1236 3855 1297 3916 alio
1312 3853 1382 3914 cod.
1398 3848 1428 3932 ⁶)

346 4009 453 4134 DEIIio
476 4015 572 4071 Paulus
594 4025 685 4090 postea
713 4021 1016 4108 Constantinopolitanns
1040 4024 1188 4110 patriarcha
1218 4021 1336 4078 arenata
1361 4019 1427 4102 init.

378 4087 826 4226 r:naare.cletaeurr.
845 4091 986 4214 levate?
1002 4088 1429 4236 nescelestein?

378 4227 608 4357 {ffflfffl-
625 4225 670 4350 fg?
687 4227 757 4353 ffifl-
798 4247 841 4299 tz-
860 4230 904 4287 lib·
922 4245 1007 4284 xxxa.
1068 4236 1100 4304 5)
1119 4233 1195 4288 Num.
1209 4231 1286 4288 296⁵.
1304 4229 1427 4285 telasa.
