3008 4878
353 280 585 350 lllSTOlllAE
605 279 881 362 BYZANTINAE
902 279 958 350 IX.
979 291 1010 353 3.
1133 272 1210 352 405

107 446 207 517 αάτοῧ
219 449 270 514 καὶ
287 444 415 536 κηράξια
438 447 567 533 έκκοπὴν
582 453 638 532 τῆς
657 443 707 512 ἔπ’
724 446 885 534 ἐκκλησίας
908 442 1013 538 φήμης
1034 447 1130 518 adecti
1153 454 1205 518 καὶ
1250 461 1278 512 λ.
1296 463 1324 512 e.

105 553 270 636 ἀπειλῆσαι
291 551 375 641 αὐτῷ
388 551 441 619 τὸν
457 552 517 618 ἀπὸ
538 556 616 616 θεοῦ
629 549 807 636 χωρισμόν·
831 553 884 618 ‘iva
898 555 1058 630 συσταλεὶς
1075 557 1126 620 καὶ
1140 579 1203 622 σοι-
1249 531 1320 650 ¹33²

106 658 288 742 φρονισθελς
304 656 471 744 ἐπιστρέψῃ
493 661 611 734 καλῶς,
642 651 717 720 ὅθεν
740 653 851 741 ἐξῆλθε
874 663 990 738 κακῶς,
1014 659 1064 724 κοιλ
1081 658 1203 744 γένηται
1250 669 1317 724 1328

105 764 277 845 κληροῦχος
301 752 396 835 αάθις
412 765 469 844 τῆς
489 783 521 826 τε
541 759 699 842 βασιλείας
719 761 771 822 καὶ
791 757 858 843 ἅμα
879 765 940 848 τῆς
958 761 1033 846 ίμῆς
1055 739 1368 860 εάλογίαςμξὲἓὲἒᾟ·

77 867 171 926 ὁτῶν
188 862 246 948 γάρ
261 859 405 930 ἀπάντων
421 863 519 938 οὐδεὶς
533 861 628 931 αὐτοῦ
645 861 776 946 κέκριται
789 860 1114 951 προτιμότεροςίμοιγε
1128 865 1237 950 πράςΕ

102 965 162 1047 τὴν
183 968 362 1046 βασιλείαν,
388 962 484 1046 μόνον
504 967 531 1030 εί
546 962 690 1049 βούλοιτο
707 965 763 1050 τὴν
776 963 994 1051 προσήκουσαν
1012 967 1110 1050 νέμειν
1125 971 1205 1036 altat

101 1077 174 1144 ταῖς
189 1067 276 1151 ίμαῖς
288 1065 464 1152 ὑποθήκαις
478 1071 529 1134 καλ
541 1068 760 1155 παραινέσεσιυ.
788 1067 824 1140 ὃν
837 1068 897 1156 γὰρ
910 1070 1038 1156 intrim
1054 1078 1093 1158 τῇ
1106 1070 1232 1138 advntu
1251 1059 1257 1078 ⁸

101 1172 280 1261 δημηγορία
307 1173 465 1257 intorno,
502 1171 711 1255 πεπλασμένος
725 1157 772 1256 ’ἦν
794 1174 846 1238 καλ
866 1173 944 1238 πολι)
968 1173 1004 1240 ed
1028 1180 1201 1260 πανοῦργον

100 1271 343 1360 έχωνῦφέρπον.
378 1271 530 1359 ἧκοάσατε
544 1275 620 1361 γὰρ,
644 1271 760 1352 ὁπόσας
776 1276 832 1354 τάς
848 1278 1004 1364 λοιδορίας
1024 1276 1102 1365 παρ’
1127 1276 1202 1362 ὅλην

58 1377 203 1442 10αάτοῦ
226 1376 282 1462 τὴν
305 1380 495 1464 δημηγορίαν
515 1375 682 1463 έπήντλησε
696 1377 768 1446 κατ’
784 1381 877 1463 duod,
906 1379 983 1462 πρὸς
1003 1377 1042 1456 ἀς
1057 1380 1202 1463 οάδεμίαν

99 1479 161 1564 έβςει
180 1480 237 1564 τὴν
251 1477 401 1566 ἆρμονίαυ
414 1478 431 1548 ὅ
446 1475 592 1568 ἐπίλογος.
621 1481 692 1547 ἀλλ’
707 1485 760 1549 ἵνα
772 1483 845 1562 rode
860 1480 1030 1560 ἀκούοντας
1045 1481 1200 1568 έξαπατή-

97 1608 162 1659 σας
177 1585 273 1670 ίγείρη
290 1584 361 1650 κατ’
379 1585 455 1668 έμοῦ
463 1635 473 1667 ,
492 1592 633 1655 τοιοῦτον
647 1585 777 1671 ίπίθηκε
786 1594 826 1674 τῇ
843 1588 1014 1678 δημηγορία
1029 1587 1065 1654 τὸ
1080 1587 1198 1664 εέλυς.”

97 1685 169 1774 (ί.)
198 1692 309 1754 Ταῦτα
324 1685 487 1772 ἀκηκοότες
501 1689 598 1764 οἱμὲν
611 1689 727 1754 συνίσει
746 1691 796 1754 καί
813 1686 893 1778 λόγῳ
913 1688 1115 1772 κοσμούμενοι
1134 1695 1196 1758 τῶν
1213 1697 1246 1756 Ρ.
1261 1691 1314 1755 248
1390 1739 1392 1746 ·

95 1791 264 1877 ἀρχιερέων
289 1789 440 1878 συνῄεσαν
471 1802 537 1869 τοῖς
566 1792 733 1881 είρημίυοις
760 1795 811 1858 καί
841 1792 958 1877 σιωπὴν
983 1799 1117 1881 παντελῆ
1140 1801 1197 1862 τοῦ

56 1891 256 1978 15ἀνόματος
273 1901 330 1960 τοῦ
351 1895 421 1962 νέου
440 1895 591 1978 βασιλέως
612 1900 753 1982 πανταχῆ
773 1902 836 1962 τῶν
856 1896 1020 1982 ἐκκλησιῶν
1042 1894 1200 1985 ἐκύρωσαν

96 2003 312 2084 κηρυχθῆναι,
343 2000 450 2086 μέχρις
469 1998 508 2065 ἀν
530 1999 707 2087 έπιστρίψη.
750 2005 795 2088 τῷ
814 1999 849 2066 δέ
868 1997 1042 2088 πατριάρχῃ
1063 2004 1114 2066 καί
1135 2007 1199 2068 τῶν

95 2103 263 2188 ἀρχιερέων
278 2103 403 2170 καὶτῶν
420 2108 570 2191 κληρικῶν
583 2101 664 2170 ἴστιν
684 2099 731 2178 οίς
749 2101 805 2168 οάκ
820 2101 923 2178 έδυξεν
936 2101 1044 2188 εάλογα
1060 2103 1100 2168 τά
1114 2106 1197 2192 είρη-
1214 2179 1216 2182 ,

94 2205 187 2287 μένα.
215 2204 326 2270 διὸκαὶ
340 2203 526 2282 ἀναστάντες
542 2203 679 2292 ἀπῄεσαν
694 2204 808 2286 οίκαιλε,
833 2206 930 2286 μηδέν
945 2208 1037 2271 πλέον
1052 2202 1195 2288 ἀπόντες,

94 2309 156 2374 εἴτε
172 2306 225 2372 dui
243 2307 300 2391 τὴν
322 2305 464 2374 σάνοικου
485 2309 631 2394 ἀλογίαν,
660 2305 722 2373 εἴτ’.
741 2307 798 2374 οάκ
812 2303 876 2375 olt’
891 2305 984 2384 ὅπως.
1011 2309 1112 2376 ἔπειτα
1128 2311 1197 2374 ιλια-

54 2406 349 2498 Ξονυκτερεάσαντες
369 2415 421 2478 καὶ
446 2409 529 2489 cino}
551 2413 602 2478 καὶ
628 2412 676 2487 (λὶς
697 2412 729 2478 ἓν
750 2421 816 2488 τοῖς
843 2421 1073 2498 πατριαρχικοΐς
1101 2411 1195 2488 οίκοις

93 2514 294 2598 συνωμοσίας
302 2517 354 2579 καὶ
367 2517 520 2603 φρατρίας
529 2510 781 2595 συνεσκευάζοντο
796 2513 875 2580 κατά
889 2520 945 2579 τοῦ
958 2520 1087 2601 γηραιοῦ
1101 2521 1225 2596 βασι-Β

94 2619 191 2693 λέιος·
217 2616 235 2683 ὃ
251 2619 496 2705 ἀιαψιθυρισθέν
509 2621 560 2684 καλ
578 2617 726 2684 ἀιαδοθέν
742 2618 773 2693 ές
784 2617 838 2684 τὸν
852 2619 951 2700 δῆμον
963 2619 1014 2682 καλ
1030 2618 1061 2696 ie
1079 2616 1120 2683 τά
1133 2622 1196 2682 τῶν

95 2715 129 2787 εὖ
152 2717 321 2806 γεγονότοιν
343 2719 526 2806 συστήματα
543 2721 704 2796 πλείστους
717 2723 769 2785 καὶ
782 2717 901 2787 τούτων
920 2717 1072 2805 ἠνάγκασε
1088 2714 1195 2806 λάθροι

93 2823 336 2908 ’ξυνεληλυθέυαι
359 2830 398 2913 τῇ
419 2822 537 2892 τούτων
557 2825 733 2916 συνωμοσία
746 2847 779 2890 τε
795 2825 847 2891 καλ
861 2823 998 2918 φρατρίρι
1020 2825 1070 2889 καλ
1085 2820 1196 2912 ὅρκους

165 2937 211 2994 16.
233 2935 291 3006 καί]
309 2931 363 2991 κάκ
378 2936 410 2991 Α.
480 2938 524 2992 21.
547 2936 667 3007 φατρίας
683 2937 714 2990 Α.

92 3023 251 3092 insurgere,
268 3028 295 3074 et
309 3023 364 3075 eius
377 3039 466 3076 nomen
488 3040 521 3076 en
536 3023 719 3077 Ecclesiastico
732 3021 867 3093 praeconio
881 3019 1075 3092 expungendum
1091 3018 1194 3091 proclu-

93 3109 182 3155 mere,
200 3099 227 3144 et
237 3091 442 3146 interdictionem
456 3092 538 3145 eidem
556 3092 677 3155 minitari,
693 3109 744 3162 qua
757 3109 774 3145 e
786 3091 874 3146 divina
885 3090 1059 3144 communione
1072 3088 1193 3142 excluda-

92 3167 152 3225 λαις
170 3167 202 3212 ut
216 3177 374 3230 compressus
389 3171 416 3214 et
434 3162 581 3214 emendatus
598 3161 703 3232 pulchre
719 3179 749 3214 εο
765 3169 925 3224 revertatur,
943 3160 1010 3212 unde
1027 3157 1139 3228 turpiter
1151 3163 1192 3210 eet

92 3247 235 3298 egressus,
260 3237 287 3282 et
305 3245 392 3283 τιατιιτ
412 3232 503 3283 haeres
524 3231 571 3283 liat
586 3239 615 3283 ‘et
629 3231 734 3300 lmperli
748 3237 775 3284 et
794 3229 975 3283 moderationis
995 3244 1075 3282 meae.
1109 3228 1193 3283 Nemo

92 3299 193 3370 quippe
203 3298 312 3351 omniurn
325 3308 375 3362 est,
391 3316 464 3369 quem
477 3299 511 3351 od
521 3299 655 3369 Imperium
669 3306 785 3352 evectum
801 3299 899 3352 malim:
916 3298 989 3351 modo
1002 3297 1026 3350 is
1039 3295 1103 3350 velit
1115 3309 1194 3365 prae·

92 3375 173 3440 cepta
191 3383 248 3420 mea
264 3373 291 3420 et
307 3369 402 3421 monita
419 3369 458 3420 ita
472 3373 502 3420 ut
520 3385 569 3438 per
589 3376 629 3420 eet
650 3369 773 3422 revereri.
808 3367 892 3432 Quum
910 3367 976 3420 enim
997 3381 1059 3419 suas
1077 3361 1192 3418 concioni

91 3436 284 3508 perorationem
297 3437 414 3501 eddidit,
432 3455 462 3489 es
476 3435 644 3490 simulationis
658 3439 732 3506 plena
752 3436 804 3490 luit
822 3445 849 3488 et
868 3436 971 3490 latentis
984 3433 1096 3488 malitiae
1109 3429 1192 3503 pluri·

91 3521 160 3558 mum
174 3505 201 3558 in
223 3505 362 3559 rehabuit
397 3506 512 3560 Audistis
525 3507 591 3558 enirn
609 3513 671 3576 quot
688 3505 804 3560 convicia
822 3506 848 3558 in
871 3521 911 3558 me
927 3509 984 3557 tota
1005 3519 1053 3555 roe
1070 3499 1193 3554 concione
1307 3521 1312 3534 ·

92 3573 235 3637 effuderin
252 3591 308 3626 curn
320 3573 411 3646 quibus
431 3575 560 3646 peroratio
579 3575 636 3643 ipss
654 3575 754 3627 minime
773 3574 906 3627 consentit
940 3572 994 3626 Sed
1013 3579 1043 3624 ut
1060 3570 1191 3624 auditores

92 3643 220 3713 deceptos
233 3649 368 3697 contremo
376 3645 527 3709 concitaret,
539 3644 615 3698 telem
621 3644 732 3698 orationi
739 3661 800 3696 suae
811 3644 884 3696 linem
890 3639 1036 3711 imposuit.”
1054 3639 1129 3708 (111.)
1140 3637 1191 3694 ldie

92 3711 192 3766 auditis
220 3711 355 3782 pontifices
373 3715 511 3798 prudentie
532 3719 559 3766 et
579 3713 722 3766 eruditione
740 3720 902 3784 praestantes
924 3725 1074 3773 cucurrere,
1097 3715 1124 3761 at
1144 3721 1191 3777 per

93 3794 182 3836 tumes
194 3779 327 3834 Ecclesiae
341 3781 489 3838 edicendum
502 3799 559 3836 esse
573 3789 744 3847 censuerunt,
761 3788 790 3835 ut
809 3779 916 3836 iunioris
934 3778 1073 3833 Andronici
1090 3793 1192 3842 nornen,

93 3851 179 3903 donec
190 3849 215 3902 ie
227 3851 396 3919 resipuisset,
414 3853 513 3905 omniuo
531 3851 657 3904 sileretur.
691 3851 868 3904 Patriarchoe·
876 3866 939 3903 veru
949 3855 977 3901 et
988 3845 1151 3918 pontificibus
1163 3851 1192 3898 et

93 3918 198 3974 clericis
210 3920 336 3972 nouuullie
349 3937 380 3974 ee
393 3921 519 3974 sententia
532 3936 582 3973 non
595 3922 702 3990 probate
715 3926 762 3973 cst
792 3921 881 3983 Quare
893 3917 957 3971 nillil
970 3917 1078 3987 emplius
1089 3914 1190 3984 loquuti

93 3996 262 4042 surrexerunt
284 4004 315 4042 ac
336 3989 434 4042 domum
449 3989 584 4052 abierunt,
606 3989 662 4043 eive
679 3989 712 4040 ob
728 3989 877 4042 familiarem
894 3987 946 4040 illie
967 3987 1092 4054 elinguem
1109 3999 1191 4056 quau-

93 4055 154 4108 dem
168 4057 361 4125 stupiditatem,
378 4059 433 4110 sire
447 4058 480 4112 ob
493 4057 563 4114 eliud
581 4058 668 4112 nacio
683 4057 754 4127 qnid.
789 4057 889 4112 Deinde
901 4059 977 4110 nocte
992 4055 1019 4108 iu
1036 4051 1192 4124 patriurchi-

93 4125 133 4178 cis
146 4125 253 4180 sedibus
266 4129 343 4180 semel
355 4131 432 4196 atque
445 4129 537 4181 iterum
549 4135 649 4190 eructu,
666 4127 693 4179 in
703 4127 827 4179 seniorem
832 4127 1013 4196 Imperatorem
1027 4122 1193 4178 conlurarunt

95 4199 124 4246 et
138 4193 286 4248 rodentem
300 4197 440 4249 coiverunt.
475 4195 553 4260 Quod
571 4213 626 4248 cum
639 4195 829 4258 mussitaretur,
847 4211 893 4248 nec
907 4193 1001 4264 populo
1013 4197 1124 4253 ouum,
1143 4189 1192 4242 ssd

95 4269 124 4315 et
138 4261 266 4316 nobilibus
279 4262 428 4335 quibusdem
446 4264 637 4330 innotesceret,
653 4265 788 4334 plerosque
799 4265 876 4318 ctiam
890 4265 980 4316 horum
992 4262 1079 4330 coepit
1098 4257 1130 4340 ed
1151 4257 1193 4310 ia·

95 4331 207 4388 οῑὶοοω
220 4340 248 4386 et
265 4335 467 4391 coniunctionem
477 4333 577 4391 illorum
591 4331 655 4390 cleu
672 4333 790 4389 coutens
809 4349 854 4400 ee,
872 4339 901 4386 ee
919 4333 1044 4403 scriptum
1063 4328 1194 4380 inermen-
