3084 4862
360 247 440 298 nm
549 234 789 308 atunellum
809 233 1048 306 GREGORAE
1070 235 1249 310 moult.

357 401 431 462 asts
447 397 504 462 rosi
529 387 659 480 χρόνον,
679 389 763 473 broc
783 391 836 460 sol
855 399 989 462 πλεῖστοι
1007 399 1070 462 tois
1082 395 1110 480 ¹)
1133 389 1261 483 baras
1282 390 1444 484 patinam

357 479 530 567 ἄνθρωποι.

564 598 763 685 Lampsacus
786 595 1033 665 Tarchoniotes
1055 597 1242 689 Gregorue.

442 705 556 786 Netnpe
570 702 705 783 quilibet,
726 699 818 760 babili
831 703 869 774 ad
884 703 1108 784 percipiendam
1123 713 1216 764 artem
1230 702 1349 782 ingenio
1364 723 1446 786 prse-

358 789 453 868 ditus,
475 791 502 851 si
522 789 715 850 simulacrum
740 789 904 867 aspexerit,
927 809 990 848 non
1010 789 1099 850 facile
1117 789 1154 849 ab
1169 809 1205 850 eo
1229 809 1286 850 nec
1308 788 1366 848 nisi
1385 809 1448 848 mo-

358 877 433 937 leste
456 875 603 952 discedet,
625 893 660 935 ac
678 873 832 954 spectandi
850 875 1003 955 voluptate
1024 875 1140 955 expleri
1157 895 1219 935 non
1235 873 1363 957 poterit:
1382 874 1448 934 illos

357 971 458 1021 autam
471 961 524 1042 qui
540 961 575 1020 iu
588 957 736 1019 orationes
754 968 835 1036 tuas,
856 961 942 1039 quasi
958 960 992 1022 in
1012 959 1173 1022 simulacra
1195 963 1341 1038 animata,
1362 960 1450 1019 oculis
1529 992 1530 998 .

358 1047 465 1107 defixis
487 1047 627 1121 haerent,
648 1044 718 1104 illos
736 1045 857 1124 inquam
877 1045 1000 1126 pulchri
1018 1047 1137 1106 satietas
1161 1045 1278 1127 capiet,
1300 1054 1352 1104 aut
1368 1045 1450 1105 citius
1529 1053 1530 1118 l

357 1125 383 1192 ii
402 1132 558 1193 discedent
581 1131 617 1190 ab
636 1130 700 1190 illis
720 1129 824 1207 rebus,
847 1151 921 1212 quae
937 1133 1096 1192 oculorum
1108 1131 1215 1192 mantis
1230 1131 1340 1212 epulae
1355 1141 1383 1190 et
1400 1131 1451 1190 de·
1529 1139 1530 1202 j

357 1211 445 1296 liciae
462 1217 554 1278 suntl
583 1217 620 1276 ld
641 1216 878 1297 quidemnemo,
894 1226 930 1276 ut
951 1219 1076 1299 opinor,
1099 1217 1238 1278 dicturus
1254 1225 1316 1292 est,
1338 1216 1389 1296 qui
1407 1235 1453 1275 ra·
1529 1209 1530 1248 Ὗ

356 1303 449 1363 tionis
462 1323 521 1364 nsu
537 1304 703 1364 instructus
717 1302 767 1364 sit.
808 1302 879 1380 Ego,
902 1323 962 1382 qno
984 1313 1118 1384 tempore
1133 1323 1272 1382 magnam
1285 1299 1390 1361 urbem
1403 1300 1454 1360 ba·

281 1459 288 1474 ¹
355 1387 500 1466 bitabam,
523 1387 691 1472 praeclaras
710 1398 776 1447 tuas
801 1386 1020 1468 disputationes
1044 1389 1148 1450 mirari
1170 1387 1256 1448 haud
1275 1386 1453 1447 desinebam:

356 1494 444 1536 nemo
460 1484 524 1535 erat
539 1474 689 1552 eruditus,
711 1473 762 1554 qui
778 1494 839 1532 nou
854 1473 991 1535 conscius
1008 1473 1084 1534 milri
1100 1483 1178 1535 asset
1193 1471 1392 1556 applaudenti
1408 1471 1454 1529 iu-

356 1561 437 1642 genii
457 1561 504 1620 tui
538 1558 681 1636 foetibus,
711 1569 741 1618 et
764 1557 939 1618 honorificis
961 1560 1131 1642 praeconiis
1155 1579 1205 1619 eos
1229 1553 1456 1618 commendanti.

357 1648 399 1705 At
413 1665 494 1706 nnnc
508 1665 560 1704 eos
580 1644 688 1722 libros,
711 1665 786 1724 quos
802 1643 862 1704 hoc
877 1665 956 1704 anno
973 1647 1005 1706 in
1017 1646 1117 1705 lucem
1131 1643 1274 1722 emisisti,
1297 1643 1391 1724 magis
1405 1640 1457 1700 ad-

356 1731 464 1808 miror,
488 1751 667 1812 quamquam
681 1731 810 1809 egregias
821 1731 970 1791 orationes
986 1751 1076 1811 quam
1085 1731 1233 1813 plurimas
1248 1731 1311 1790 ianr
1320 1738 1390 1789 ante
1403 1725 1460 1787 edi-

357 1815 459 1893 deras,
481 1836 598 1876 morum
612 1815 772 1894 gravitate,
794 1817 1010 1876 sententiarum
1030 1817 1194 1896 dignitate,
1214 1815 1382 1878 verborum
1398 1833 1459 1872 ma-

355 1899 460 1962 iestate
481 1900 578 1960 nihilo
602 1902 759 2000 ipseriores
778 1901 911 1962 Platonis
929 1901 1125 1966 orationibus.
1164 1901 1290 1984 Quippe
1310 1911 1341 1961 et
1361 1897 1460 1978 liguris

356 1995 387 2046 et
415 1987 630 2067 compositione
666 1996 696 2046 et
724 1989 886 2047 verborum
914 1997 984 2068 apta
1012 1987 1210 2047 collocatione
1242 1997 1273 2046 et
1301 1985 1461 2048 coniuncta

356 2092 426 2131 cum
445 2073 591 2132 suavitate
613 2071 699 2154 copia
721 2081 750 2132 et
772 2073 971 2155 persuadendi
990 2073 1021 2132 vi
1047 2071 1197 2133 rhetorica
1220 2073 1292 2132 illas
1320 2071 1460 2152 aequipa-

355 2167 434 2230 rant,
454 2177 530 2238 quae
551 2159 587 2217 ab
608 2157 756 2218 oratoriae
778 2159 851 2220 artis
875 2157 1013 2240 principa
1026 2157 1218 2219 elucubratae
1235 2159 1374 2222 suerunt.
1419 2153 1462 2214 sd

355 2243 538 2303 eiuscemodi
560 2245 707 2304 orationes
729 2265 796 2303 curn
820 2254 850 2303 et
872 2245 1050 2322 magnanimi
1073 2244 1233 2321 Demetrii,
1258 2255 1290 2304 et
1309 2244 1374 2303 eius
1390 2259 1463 2322 quae

356 2327 451 2388 Deum
463 2329 580 2389 arcanis
596 2329 763 2390 rationibus
778 2331 906 2410 peperit,
927 2331 1031 2389 laudas
1044 2329 1230 2407 adiunxeris,
1247 2350 1383 2410 quonam
1400 2329 1463 2410 (pu-

354 2411 411 2493 tas)
428 2434 495 2494 erga
513 2423 543 2474 te
557 2435 646 2474 sensu
660 2414 788 2475 affecisti
800 2415 949 2498 politioris
962 2417 1149 2476 litteraturae
1164 2415 1346 2476 studiosos?
1376 2411 1465 2493 Equi·
1530 2459 1531 2494 ,

354 2498 422 2559 dem
446 2510 596 2580 quotquot
614 2499 666 2560 bic
681 2501 808 2579 degunt,
831 2511 883 2560 eos'
906 2502 1019 2582 primus
1034 2521 1069 2560 ac
1086 2502 1167 2561 solus
1182 2522 1305 2562 mecum
1319 2499 1354 2561 in
1370 2497 1466 2560 admi·
1530 2543 1531 2552 ,

352 2584 500 2670 rationem
514 2586 610 2665 rapui.
641 2587 732 2661 Quod
747 2587 771 2646 si
787 2595 817 2646 et
830 2586 908 2647 illud
920 2587 980 2647 dici
993 2587 1089 2664 debet,
1109 2587 1203 2666 magis
1216 2589 1364 2668 prolecto
1379 2603 1466 2666 quam

353 2681 440 2731 antea
460 2671 573 2750 ingenii
600 2672 646 2732 tui
664 2672 837 2750 magnitudo
856 2693 940 2732 nune
962 2674 1081 2734 demum
1094 2673 1200 2734 eluxit
1245 2673 1402 2734 Nimirum
1416 2672 1469 2730 do-

353 2757 482 2818 ctrinam
501 2758 534 2816 in
548 2758 607 2818 tuis
628 2758 768 2838 operibus
783 2759 986 2834 reconditam,
1007 2759 1117 2840 partim
1135 2779 1152 2817 a
1167 2757 1329 2840 plerisque
1341 2759 1469 2837 ignora-

352 2850 425 2919 tam,
438 2843 549 2921 partim
559 2863 673 2918 eorum,
681 2843 734 2922 qui
746 2853 899 2924 utcunque
910 2843 1124 2923 intelligerent,
1137 2845 1381 2924 praemeditatae
1391 2840 1470 2902 inui-

352 2925 421 2985 diae
432 2926 602 3002 obnoxiam,
616 2928 803 3006 quantumin
816 2929 903 2988 nobis
915 2929 974 2989 fuit
985 2931 1027 2989 ita
1040 2929 1261 3012 explicuimus,
1279 2939 1360 2990 utet
1373 2925 1471 2990 invidi

351 3013 509 3091 praecluso
521 3033 572 3072 ore
583 3013 832 3091 obmutescerent,
846 3023 875 3074 et
885 3023 1006 3074 nostrae
1016 3014 1228 3096 approbationi
1239 3015 1378 3076 alibrum
1387 3032 1472 3097 prae-

350 3103 434 3156 terea
448 3098 649 3178 complurium
661 3097 801 3177 suffragia
816 3101 1002 3160 accederent.
1028 3101 1150 3182 lamque
1161 3099 1237 3160 adeo
1251 3110 1285 3161 te
1299 3123 1367 3162 non
1381 3101 1472 3161 huius

350 3189 470 3242 tantum
487 3191 626 3259 nostrae,
646 3193 698 3243 aut
714 3185 778 3244 eius
793 3203 869 3264 quae
885 3186 1024 3267 proxime
1036 3185 1199 3268 praecessit
1215 3188 1350 3264 aetatis,
1375 3186 1474 3246 sedet

350 3268 540 3348 superiorum
551 3277 722 3350 temporum
737 3270 862 3331 eruditis
875 3271 1023 3347 omnibus,
1041 3293 1171 3351 quorum
1183 3271 1258 3333 libri
1271 3281 1475 3334 monumenta

350 3363 421 3412 sont
438 3374 614 3432 magnorum
632 3355 837 3434 ingeniorum,
859 3358 1003 3418 maiorem
1024 3367 1113 3438 atque
1134 3357 1395 3420 excellentiorem
1411 3366 1474 3417 sta-

349 3445 414 3496 tuo.
449 3439 536 3514 Quod
551 3451 651 3501 autem
665 3451 853 3502 nontamere
871 3442 936 3502 ida
949 3463 998 3502 me
1012 3463 1071 3504 nec
1091 3442 1131 3504 ad
1144 3443 1276 3524 gratiam
1297 3443 1367 3505 ullo
1383 3441 1475 3503 modo

349 3521 484 3602 dicatur,
506 3546 574 3586 cum
598 3527 656 3586 alia
678 3527 772 3587 multa
793 3527 913 3588 abunde
930 3527 1099 3607 declarant,
1120 3539 1185 3590 tum
1200 3547 1247 3606 ea,
1269 3550 1354 3608 quaa
1370 3528 1475 3589 statim

348 3605 484 3669 dicturus
505 3631 579 3674 sum.
621 3612 683 3674 Alii
705 3612 828 3694 quidem
849 3613 922 3674 alias
946 3613 1121 3696 disciplinas
1146 3623 1177 3674 et
1190 3613 1252 3674 alia
1277 3615 1387 3678 studia
1401 3635 1478 3696 pro-

348 3689 420 3752 fessi
437 3703 523 3772 sunt,
544 3708 637 3776 prout
657 3699 803 3780 cuiusque
823 3700 965 3760 voluntas
989 3710 1019 3760 et
1040 3701 1215 3762 institutum
1241 3700 1326 3778 suit,
1349 3709 1408 3760 aut
1432 3699 1478 3776 (ut

347 3778 450 3840 verius
465 3779 577 3862 dicam)
591 3793 716 3845 natura:
730 3784 763 3843 in
778 3784 887 3865 quibus
901 3805 972 3846 cum
984 3785 1195 3846 excelluissent
1209 3793 1242 3844 et
1259 3786 1303 3846 ad
1317 3803 1479 3848 summum

347 3865 569 3942 pervenissent,
591 3877 656 3928 tum
675 3869 796 3930 demum
817 3872 950 3932 aemulos
965 3880 995 3932 et
1010 3870 1156 3932 similibus
1168 3870 1337 3935 laboribus
1352 3871 1478 3934 exerci-

347 3953 427 4009 tatos
445 3949 503 4014 visi
517 3961 588 4012 sunt
602 3973 765 4034 superasse.
808 3957 850 4018 At
865 3967 901 4018 tu
916 3955 996 4018 nibil
1009 3967 1054 4018 est
1070 3957 1109 4018 sd
1124 3957 1205 4038 quod
1221 3967 1322 4018 natus
1338 3980 1406 4020 non
1420 3957 1478 4032 sis,

346 4031 434 4112 nibil,
448 4057 506 4118 qno
521 4058 584 4097 non
593 4048 624 4100 te
637 4038 734 4121 ipsum
741 4044 961 4124 aggregaveris,
972 4041 1062 4123 nibil,
1077 4043 1109 4104 in
1124 4041 1283 4124 quobaud
1296 4044 1480 4106 felicissime

346 4117 519 4184 elaboratis.
554 4123 614 4186 Sed
626 4123 660 4184 in
673 4127 813 4189 omnibns
826 4129 872 4192 aie
888 4138 1036 4210 versatam,
1057 4139 1192 4190 utnemo
1206 4127 1244 4188 in
1260 4129 1414 4213 singulis,
1435 4125 1480 4190 tui

379 4252 411 4322 l)
428 4251 500 4310 nan.
519 4256 586 4313 sais.
