3084 4862
286 133 366 245 ἔω
518 175 757 248 neronom
778 172 1024 270 euroeam
1046 171 1163 244 vua,

285 349 397 409 teratoa
410 355 519 400 nomen
532 335 684 399 Theodori
697 331 885 414 Matoohitaa,
899 353 995 416 nuper
1008 333 1045 394 ab
1060 332 1152 396 axilio
1164 331 1315 414 rerooati3
1329 352 1387 396 nee

285 427 386 490 minor
399 425 560 508 Gregoram
576 417 753 508 eruditionia
772 421 851 482 sama
867 419 1101 482 commendabat.
1143 419 1197 480 Hie
1215 419 1386 482 Barlaamua

219 523 224 540 ¹
287 509 503 588 obt'reotando,
524 527 557 569 aa
572 508 672 590 ipaum
686 505 843 570 venditare
862 514 893 567 et
907 505 1009 568 lucum
1022 504 1171 586 imperitia
1186 505 1387 568 iaoereinrti-

286 597 364 659 tuit:
386 615 422 655 ac
438 594 620 670 nonnullae,
641 611 761 654 moram
781 589 973 652 rimilitndine
989 590 1183 668 conciliator,
1203 591 1242 652 ad
1259 611 1291 652 aa
1310 591 1388 654 alle-

288 683 351 760 xit3
372 701 441 742 cum
458 679 570 762 quibua
586 678 641 740 diu
653 697 721 760 epea
735 696 828 739 vaura
842 676 926 741 aluit.
965 677 1108 754 Domum,
1128 677 1199 757 qnia
1219 675 1302 738 haud
1316 695 1389 738 aaa·

288 766 429 844 cedebat,
450 775 481 826 at
492 763 646 826 hominem
657 761 846 824 ambitionum
860 760 1024 844 nicophori
1041 763 1188 842 Gregorae
1208 761 1287 824 sama
1310 781 1389 824 ure-

288 853 357 928 bat,
379 851 447 912 ideo
466 847 564 927 huno,
593 847 786 912 euidentibus
808 847 980 926 nonnullia,
1001 857 1104 932 apmta
1128 848 1274 909 laoeaaere
1302 855 1333 908 et
1349 846 1389 908 ad

289 936 474 998 dialecticam
505 955 636 1017 pugnam
661 953 828 1018 provocare
854 953 942 995 ruaua
968 943 1022 995 eat.
1083 931 1229 1013 Gregoraa
1257 931 1391 1014 propriis

290 1021 426 1084 eladibua
455 1041 491 1082 aa
518 1020 642 1102 imuper
663 1019 753 1080 amici
775 1018 954 1081 Metoelritae
974 1018 1082 1081 morbo
1106 1017 1283 1100 graviaaimo
1308 1017 1391 1079 rilli-

289 1115 358 1169 etua
380 1115 530 1168 antomon
550 1105 638 1168 initio
660 1104 851 1166 detrectabat.
892 1103 1005 1166 lleinde
1027 1103 1132 1166 amicir
1154 1103 1338 1186 rogautssrua,
1359 1112 1392 1166 et

289 1201 327 1254 ut
345 1212 430 1253 auam
443 1211 623 1274 suorumque
632 1189 827 1274 popularium
840 1189 963 1271 gloriam
974 1200 1111 1252 tueretur
1119 1188 1321 1269 hortantibus,
1338 1188 1393 1250 iu·

289 1276 379 1340 bonta
390 1276 479 1340 etiam
493 1287 524 1339 et
538 1277 627 1339 minia
636 1283 767 1358 'urgente
780 1275 881 1338 nereio
895 1297 955 1357 quo
965 1273 992 1360 ¹)
1009 1294 1132 1356 maguae
1143 1274 1331 1337 auctoritatia
1343 1273 1392 1334 vi·
1425 1321 1426 1326 1

289 1383 345 1442 ro,
365 1363 397 1423 in
411 1382 531 1426 arenam
548 1381 634 1443 aegra
655 1361 825 1440 deaoendit,
847 1361 884 1423 de
906 1360 1083 1423 eruditionia
1104 1361 1206 1442 palma
1227 1381 1296 1422 oum
1315 1359 1392 1420 Italo

290 1449 506 1515 damnaturus.
542 1447 579 1508 In
591 1468 624 1508 ea
637 1447 839 1530 diaputatione
855 1447 1071 1525 adversarium,
1086 1446 1184 1528 quiae
1199 1445 1299 1506 omnia
1312 1444 1393 1506 arira

291 1533 437 1614 gloriatur
456 1533 571 1610 iuerat,
597 1553 633 1594 eo
653 1531 784 1614 redegit,
816 1541 853 1593 ut
880 1553 912 1593 ae
933 1532 1147 1610 arnonemiaa,
1173 1531 1393 1612 grammaticae,

291 1617 459 1682 rhetoricae
475 1627 506 1679 et
526 1618 663 1700 poitiaae
680 1617 770 1700 plano
793 1617 900 1680 rudem
913 1637 977 1680 eree
991 1618 1153 1680 fatuarum
1174 1617 1267 1679 immo
1280 1637 1338 1678 nee
1350 1615 1395 1676 li-

291 1704 364 1766 broa
379 1703 549 1768 Ariatotelia
567 1703 642 1765 alioe
666 1722 771 1780 norae,
792 1703 851 1764 niai
876 1703 928 1785 qui
949 1704 987 1765 da
1004 1703 1093 1766 rebua
1108 1701 1244 1786 phynicia
1263 1709 1395 1785 agerent,

293 1789 396 1850 autad
409 1788 594 1852 dialecticam
604 1789 800 1872 pertinerent.
842 1789 996 1851 Pnetarea
1012 1788 1396 1870 logieametayllogiamoa,
1455 1789 1458 1796 ⁴

294 1873 403 1956 qmlrue
417 1873 487 1935 Itali
500 1875 589 1935 unice
601 1876 774 1954 gauderent,
794 1895 857 1936 non
871 1875 1028 1937 erientiam
1043 1875 1095 1936 aed
1115 1873 1257 1936 aeieutiae
1274 1873 1397 1935 inatru-
1531 1947 1532 1954 ἵ

292 1967 437 2036 mentum,
458 1959 592 2041 adeoque
602 1958 726 2021 humilia
739 1959 852 2039 ingenii
867 1971 1076 2022 ornamentum
1089 1980 1152 2022 erae
1165 1959 1281 2022 docuit.
1323 1957 1398 2018 ari-

292 2045 429 2106 stotelem
443 2063 516 2106 vero
524 2089 534 2124 ,
555 2065 643 2126 quem
657 2044 830 2107 Barlaamus
847 2066 903 2127 per
918 2047 1018 2108 omnia
1029 2045 1087 2108 ariri
1102 2055 1239 2108 eonatare
1261 2043 1397 2106 affirma·

292 2137 357 2206 ret,
377 2149 440 2190 non
457 2131 547 2190 aemel
561 2129 659 2212 iprum
676 2149 778 2192 aecum
798 2134 977 2214 pugnavime
997 2131 1139 2197 ostendit.
1181 2129 1312 2192 Cedenta
1325 2131 1399 2194 Bar·

292 2215 405 2291 laamo,
427 2213 544 2296 alter’)
571 2215 682 2277 athleta
706 2217 841 2278 surrexit
867 2227 897 2279 et
922 2239 980 2300 pro
1000 2217 1161 2278 Aristotele
1180 2215 1400 2299 propugnavita

189 2304 196 2316 '
293 2299 346 2360 aed
363 2301 475 2360 frustra
488 2301 553 2382 ipae
568 2321 698 2382 quoque.
743 2303 891 2382 Gregoraa
911 2299 1049 2388 victor⁸)
1067 2302 1256 2379 declaratur,
1276 2300 1399 2362 Princi-

293 2403 366 2467 pum
378 2384 585 2447 benevolentia
597 2407 632 2447 eo
648 2389 754 2450 merito
769 2387 915 2466 collecta,
935 2389 969 2450 in
981 2387 1145 2472 pristinum
1163 2387 1274 2468 gratiae
1293 2397 1324 2475 et
1339 2385 1400 2447 ho-

293 2470 379 2530 noria
399 2471 502 2532 locum
522 2472 681 2533 restitutur
705 2483 759 2535 eat.
801 2473 991 2549 Barlaamus,
1018 2474 1166 2534 maculam
1188 2472 1246 2533 aibi
1265 2473 1400 2534 innatam

293 2555 396 2616 delere
412 2556 531 2637 aaepiua
554 2566 695 2632 conatae,
716 2568 874 2641 poatquam
897 2560 1031 2622 omnium
1053 2557 1269 2640 Byzantiorum
1288 2557 1399 2620 volun·

294 2648 371 2702 tatea
382 2661 400 2700 a
413 2660 446 2701 ae
463 2661 581 2704 averaaa
592 2652 623 2704 et
634 2643 667 2703 in
682 2643 844 2726 Gregoram
856 2664 1023 2728 proponere
1040 2645 1262 2726 animadvertit,
1282 2645 1400 2727 recapit

163 2761 165 2772 ι
294 2745 327 2786 ae
341 2725 379 2786 ad
393 2725 679 2790 Theaaalonicenaea.

378 2809 424 2871 Ita
437 2812 583 2892 Gregoraa
601 2815 640 2874 ad
653 2815 784 2894 primum
797 2814 878 2874 vitae
891 2814 1083 2896 inatitutum,
1104 2814 1165 2877 lroo
1178 2824 1224 2877 eat
1240 2814 1280 2878 ad
1293 2814 1400 2898 publi·
1531 2825 1532 2830 ’

295 2913 362 2954 cam
384 2895 512 2957 docendi
536 2895 752 2978 proieaaionam
772 2897 871 2962 rediit.
914 2899 957 2962 Eo
979 2910 1077 2962 autem
1102 2921 1226 2962 munere
1251 2901 1412 2984 plurimae
1531 2917 1532 2920 ’

296 2979 431 3042 omniurn
445 2980 594 3060 gentium,
615 2981 772 3060 ordinum,
796 2982 1021 3064 conditionum,
1041 2983 1178 3048 hominea
1192 2984 1355 3048 obetriotoe
1369 2995 1401 3048 at

296 3063 380 3144 quari
394 3066 579 3148 mancipatae
592 3065 713 3146 habuit3
734 3077 771 3129 ut
783 3077 813 3130 et
825 3079 965 3150 parantes
978 3080 1009 3132 et
1020 3070 1126 3151 liberi,
1147 3082 1179 3136 et
1190 3081 1273 3136 totae
1285 3071 1400 3134 civium

296 3149 443 3229 familiae,
469 3152 614 3212 maximae
638 3153 665 3212 ei
687 3153 797 3234 gratiae
816 3152 981 3234 haberant,
1001 3157 1087 3219 v'elut
1113 3155 1194 3240 patri
1214 3167 1246 3219 et
1266 3157 1306 3220 ad
1326 3157 1401 3244 pul-

295 3233 442 3296 cherrirna
454 3255 587 3318 quaeque
599 3238 754 3319 praeeunti
769 3239 937 3302 atudiornm
954 3241 1145 3306 moderatori.
1184 3242 1273 3305 Unde
1291 3251 1321 3304 et
1333 3263 1402 3304 no-

295 3339 366 3380 men
380 3321 436 3381 eibi
450 3321 538 3400 feeit,
558 3331 622 3384 toto
635 3324 697 3385 iere
712 3323 784 3385 orbe
798 3335 905 3387 notum
923 3348 959 3388 ao
971 3329 1172 3405 celebratum,
1193 3339 1225 3390 et
1233 3349 1291 3412 per
1307 3339 1400 3390 anto-

296 3407 460 3468 nomariam
481 3405 682 3490 Philosophua
696 3407 726 3488 ⁴)
747 3410 838 3490 vulgo
859 3411 960 3473 dictur
975 3423 1037 3490 eat,
1060 3421 1096 3474 ut
1120 3412 1213 3476 hodia
1234 3413 1268 3474 in
1287 3413 1402 3475 acholio

296 3489 479 3554 driatotelaa·
520 3494 622 3575 Neque
634 3515 707 3558 varo
720 3492 868 3560 imberbes
881 3496 978 3560 aolunr
993 3499 1197 3561 adolaeoentea
1210 3498 1245 3560 in
1261 3499 1325 3561 eiua
1340 3500 1402 3561 do-

363 3763 495 3870 nadini.
507 3765 619 3870 arro..ml
656 3751 1209 3944 efflandapmad‘gilid'urmd'
1217 3763 1399 3881 nimiis

365 3897 402 3938 ιι.
419 3903 443 3970 a.
468 3889 510 3942 1⁰.
533 3885 579 3942 lib.
592 3901 707 3972 ruine.
719 3887 745 3940 7.
775 3888 820 3941 lib.
835 3904 892 3944 ιιι.
910 3891 973 3974 ⁰2¹·
987 3908 1009 3944 a.
1045 3929 1053 3945 .
1072 3897 1123 3949 ete.
1181 3890 1235 3976 ⁶4)
1251 3891 1354 3964 Σοφὸν
1371 3901 1400 3950 et

365 3954 524 4088 naar
539 3953 1400 4104 nnefflfflrrmtrtt

365 4097 452 4215 m
463 4089 559 4217 india&
577 4092 648 4150 fflaa
667 4093 712 4150 lib.
727 4111 792 4151 xxv.
809 4113 870 4170 ouo.
883 4097 930 4152 ult.
949 4105 977 4152 et
994 4097 1129 4170 apiatolam
1141 4099 1268 4174 Lampon
1281 4101 1399 4160 ruera-
