3084 4862
280 261 303 310 x
705 243 764 315 10.
785 243 951 315 ROlVlNl

282 429 411 494 qnorum
427 407 480 470 ills
493 408 549 470 vix
562 426 654 470 unum
675 403 780 466 Latine
798 424 919 466 versum
939 405 1098 488 proximus
1118 405 1209 468 morti
1224 408 1379 490 relegerat,

275 511 557 594 ,interpretationem
585 512 730 590 integram
758 517 829 590 post
853 508 968 570 obitum
998 510 1061 571 eiua
1078 519 1233 591 utcunque
1253 514 1379 575 absolvi.

279 617 363 678 Bello
379 616 499 677 demum
511 614 607 676 atroci
622 617 677 696 per
697 611 869 672 universam
884 613 1034 694 Europam
1048 613 1196 674 caemento
1209 615 1380 698 interrupta
1444 596 1448 606 ¹

277 719 362 803 pacis
385 739 484 802 opera.
525 717 629 796 ltaque
648 723 679 778 et
701 713 851 794 Gregorae
874 715 971 776 nostri
992 714 1083 774 editio
1103 713 1137 774 in
1158 716 1242 778 aliud
1259 727 1379 802 tempus

277 823 386 884 dilata:
407 822 459 882 oui
472 819 580 882 deinde
592 839 677 879 mora
690 818 748 878 alia
762 817 960 880 funestissima
974 817 1094 895 accidit,
1105 817 1287 882 Malchionis
1303 824 1378 884 Tm..

275 945 359 986 cami
371 925 511 986 anorsn
526 943 607 983 mors
619 921 790 1004 repentium
812 941 889 1001 quae
902 922 1070 1004 praeclaras
1081 921 1148 984 illm
1161 923 1378 1004 cogitationum

274 1046 409 1089 mearum
426 1047 495 1108 spes
507 1025 629 1087 omnino
648 1027 710 1086 lere
724 1025 843 1086 evertit
898 1041 906 1052 ⁴

360 1131 517 1192 Caeterum
531 1150 570 1190 ex
586 1128 624 1190 iis
637 1127 711 1209 ipsis
726 1127 855 1210 publicis
869 1126 1054 1210 privatiaqua
1071 1125 1290 1190 calamitatibus
1309 1131 1377 1192 sru-

276 1241 359 1295 ctum
379 1231 463 1294 hune
476 1234 563 1315 cepi,
585 1229 668 1312 quod
683 1229 759 1292 mihi
773 1252 829 1312 per
847 1230 949 1291 decem
970 1251 1064 1292 annos
1080 1251 1113 1291 ea
1137 1249 1213 1310 quse
1231 1231 1377 1312 scripsis-

274 1356 337 1398 sem
362 1337 512 1416 corrigere
532 1344 562 1395 et
584 1354 746 1409 accurare,
774 1353 811 1393 sc
838 1342 991 1413 praeterea
1012 1331 1088 1392 alios
1109 1331 1258 1413 Gregorae
1283 1337 1378 1397 libros

273 1459 379 1501 cruere
404 1459 421 1502 e
443 1425 578 1500 tenebris
603 1445 633 1496 et
657 1436 696 1496 ad
716 1435 785 1496 illos
809 1455 885 1515 quos
908 1433 1041 1515 primum
1066 1434 1238 1498 habuissem
1267 1437 1378 1500 addere

273 1542 406 1603 vacavit.
448 1541 545 1602 Variis
570 1559 678 1620 nempe
700 1537 841 1598 codicum
858 1535 1132 1618 manuscriptorum
1149 1540 1290 1620 catalogis
1301 1562 1377 1622 per-

271 1644 358 1705 lectis
379 1643 533 1721 intellexi,
557 1641 654 1702 editos
678 1641 770 1702 fuisse
786 1638 983 1720 aNicephoro
1001 1641 1134 1721 Gregora
1153 1641 1294 1706 historiae
1311 1645 1377 1725 uy-

272 1747 410 1808 aantinae
423 1745 517 1808 libros
528 1746 624 1805 multo
638 1746 758 1826 plures,
780 1763 869 1825 quam
884 1751 960 1824 quot
975 1743 1039 1806 sive
1056 1745 1193 1826 impressi
1205 1748 1270 1809 sive
1284 1767 1376 1808 mann

271 1850 380 1932 scripti
394 1850 427 1909 in
444 1849 553 1930 pluteis
569 1848 668 1928 Regiis
681 1855 829 1908 extarent
871 1845 981 1906 Docuit
994 1866 1042 1908 me
1056 1849 1206 1929 Labbms,
1228 1851 1376 1933 repositos

270 1953 363 2014 latere
374 1951 405 2014 in
416 1951 602 2012 Bibliotheca
611 1949 792 2012 Soorialensi
806 1939 899 2011 libros
914 1951 978 2014 eiua
993 1955 1125 2018 auctoris
1138 1954 1298 2017 historicos
1313 1973 1377 2014 un-

271 2056 451 2136 detriginta:
473 2073 530 2114 nec
547 2055 643 2116 multo
658 2063 731 2135 post
744 2054 778 2115 in
796 2053 928 2115 codicem
944 2056 1069 2136 llogium
1082 2057 1195 2135 incidi,
1218 2056 1277 2137 qui·
1290 2055 1376 2135 vige-

269 2157 380 2222 simum
401 2167 542 2220 octavum
563 2165 594 2216 et
620 2157 798 2237 vigesimum
818 2177 933 2216 nonum
955 2159 1115 2221 historicos
1136 2159 1280 2237 habebat,
1303 2177 1375 2220 cum

269 2271 399 2343 quatuor
410 2261 588 2342 dogmaticie
602 2261 791 2322 coniunctos.
834 2259 936 2319 Didici
951 2281 990 2322 ex
1005 2263 1162 2344 Apparetu
1176 2283 1260 2324 sacro
1275 2263 1375 2322 Anto·

267 2364 312 2424 nii
333 2364 487 2425 Possevini
510 2372 539 2424 et
561 2383 601 2424 ex
621 2363 716 2424 reteri
738 2363 873 2442 catologo
887 2363 960 2441 lla,
983 2367 1129 2426 asservari
1142 2367 1173 2426 in
1187 2365 1373 2427 Bibliotheca

269 2465 414 2528 Vaticana
437 2466 597 2528 historiam
626 2465 760 2526 eiusdem
787 2467 935 2546 Gregorae
961 2468 1218 2541 Ecclesiasticam,
1247 2476 1277 2528 et
1298 2469 1373 2530 dcte

268 2570 407 2648 concilii,
429 2590 483 2631 seu
497 2569 544 2654 (ut
557 2569 669 2630 ibidem
682 2567 825 2654 vocatur)
837 2573 1087 2635 ΑΗΣΤΡΙΚΗΣ
1098 2575 1313 2646 modom
1337 2593 1374 2632 ac

266 2674 469 2736 narrationem
482 2674 701 2755 persecutionis
715 2673 747 2733 in
763 2671 957 2734 orthodoxos
971 2685 1069 2736 motae
1081 2696 1099 2734 a
1113 2675 1273 2736 Palamitis.
1313 2676 1374 2736 De-

266 2794 351 2835 mum
365 2777 399 2838 li.
414 2777 446 2837 Ρ.
461 2778 496 2836 D.
510 2777 636 2838 loannes
654 2775 867 2850 Mobillonius‚
889 2775 942 2855 qui
957 2785 1059 2836 nostra
1072 2775 1148 2837 liaeo
1165 2777 1263 2838 studia
1283 2777 1373 2837 adin·

265 2877 358 2938 vendi
372 2878 487 2938 nullam
502 2879 688 2939 occasionem
697 2879 919 2960 praetermittit,
941 2878 1175 2938 communicavit
1188 2899 1305 2939 mecum
1319 2879 1373 2938 in-

266 2979 364 3040 dicem
374 2989 550 3042 accuratum
562 2975 710 3042 librorum
719 3005 786 3045 xxr.
798 2983 832 3044 in
843 3003 906 3044 uno
918 2981 1021 3043 codice
1032 2981 1174 3041 Vaticano
1187 2981 1373 3060 extantium

266 3102 397 3162 qnorum
412 3082 527 3163 primus
540 3094 617 3144 esset
632 3085 772 3168 δευτέρου
786 3088 904 3169 βιβλίου
919 3079 1006 3168 λόγος
1021 3077 1044 3159 ζ’
1052 3129 1060 3160 ,
1085 3083 1193 3161 idest,
1215 3083 1373 3146 &eundae

264 3188 374 3246 Pontio
388 3186 465 3245 liber
485 3189 651 3267 septimae,
680 3209 732 3248 sen
748 3189 842 3250 totius
853 3187 996 3248 historiae
1010 3186 1143 3248 decinius
1160 3197 1299 3265 octavus5
1323 3189 1372 3248 ul-

263 3287 358 3347 timus
370 3305 443 3348 vero
456 3287 690 3368 inscriberetur,
709 3289 877 3374 Ῥωμαϊκῆς
891 3289 1023 3373 ἱστορίας
1036 3285 1093 3372 λη’,
1113 3311 1167 3352 seu
1179 3293 1373 3370 Byzantium

265 3389 426 3450 Historiae
439 3392 516 3453 liber
528 3413 668 3458 acarna.

349 3496 576 3577 Peropportune
588 3507 687 3557 eutem
699 3496 826 3575 accidit,
847 3504 885 3557 nt
898 3497 1009 3557 Romae
1024 3495 1125 3577 perid
1143 3505 1264 3577 tempus
1286 3515 1371 3556 com-

264 3607 435 3660 moraretur
444 3601 494 3661 vir
505 3600 693 3662 humanitate
712 3591 858 3680 singulari
878 3599 1032 3681 praeditus
1055 3601 1079 3660 1.
1091 3599 1267 3678 Vivantius,
1290 3603 1319 3659 S.
1333 3601 1369 3664 T.

265 3699 381 3764 Doctor
395 3701 589 3781 l'ariaiensis,
608 3703 745 3783 idemque
769 3701 875 3762 Socim
895 3701 1086 3772 Sorbonicus.
1129 3701 1228 3763 Huim
1249 3721 1320 3762 cura
1340 3712 1372 3763 et

265 3805 399 3866 officiosa
413 3805 449 3866 li.
462 3807 496 3870 P.
509 3807 545 3869 l).
558 3805 746 3887 stephanotii
760 3805 932 3879 sedulitate,
947 3804 1118 3886 sumptibus
1130 3815 1229 3864 autem
1244 3803 1290 3864 lll.
1304 3803 1370 3864 Ab·

264 3907 342 3968 batis
366 3909 501 3970 Gaurum
521 3911 683 3988 Temnon,
715 3909 807 3970 libros
831 3928 941 3971 novem
961 3927 999 3968 ex
1018 3906 1123 3967 codice
1149 3905 1294 3968 Vaticano
1318 3905 1370 3966 de-

265 4011 395 4093 scriptor
408 4022 438 4073 et
455 4011 547 4072 Roma
563 4012 602 4072 ad
614 4031 660 4073 me
679 4011 786 4072 allatos
801 4031 871 4071 cnm
888 4010 977 4071 avide
992 4011 1147 4090 legissem,
1169 4008 1373 4070 animadverti

266 4135 330 4175 eam
349 4113 444 4196 ipsam
459 4132 522 4175 esse
543 4105 698 4176 historiam
712 4113 952 4176 Ecclesiasticam
967 4159 975 4191 ‚
998 4113 1084 4174 cuius
1103 4111 1215 4174 mentio
1230 4112 1310 4171 sacta
1322 4129 1370 4170 es·

265 4228 309 4280 set
323 4241 341 4279 a
353 4219 514 4282 l'oaaevino
526 4217 559 4278 in
574 4218 728 4302 Apparetu
741 4239 838 4282 sacro.
881 4217 921 4279 lli
936 4235 1045 4280 novem
1058 4215 1147 4295 libri,
1169 4215 1208 4277 ad
1228 4215 1387 4280 undecim,
