3084 4862
313 247 549 350 ncnruon
569 246 809 322 consonae
830 249 949 322 vrrs.
1082 261 1194 318 mm

116 431 168 474 nou
185 411 252 476 item
265 409 407 494 episcopo
418 408 502 490 Tyri,
514 409 568 489 qui
582 407 706 470 ultimae
719 407 844 468 sessioni
854 407 937 470 band
951 408 1095 477 interfuit.
1120 415 1196 478 (ire.

113 518 188 577 goras
212 495 350 578 discipuli
374 495 426 554 alii
444 495 478 556 in
500 495 649 554 custodias
671 494 748 572 dati,
771 492 822 554 alii
838 515 956 556 omnem
971 518 1038 557 cum
1051 490 1195 581 magistro

113 582 344 644 consuetudinem
366 580 463 640 coacti
482 580 606 644 eiurare.
650 579 796 658 Gregoras
817 590 918 641 tamen
931 581 996 662 ipse
1010 585 1096 645 nullo
1111 587 1194 648 dicto

112 669 241 745 violatus3
262 668 317 730 sed
338 667 365 728 ci
386 677 416 728 et
427 665 494 726 aliis
509 663 686 747 quibusdem
706 665 794 727 facile
808 667 986 746 permissum
1001 679 1056 747 est,
1073 671 1195 732 domum

111 761 142 812 ut
152 753 266 817 abirent.
309 753 421 812 Tamus
437 752 602 833 synodicus
615 747 640 831 ¹)
661 750 848 825 norinatim,
870 753 923 814 sed
937 764 1007 834 post
1019 755 1094 816 duos
1107 776 1195 818 men-

111 859 150 898 ses
169 839 374 920 promulgatus
389 834 429 920 ²).
471 837 677 918 subscripsere
697 837 911 917 Imperatores,
937 838 1063 900 loannes
1083 841 1195 902 Canta-
1290 891 1295 899 .

112 944 240 1003 maenus,
262 933 293 984 et
308 925 373 986 cius
385 943 476 1002 gener
496 924 622 983 Ioannes
634 922 838 1002 Palaeologus3
861 932 927 984 tum
941 925 1081 986 Callistus
1096 927 1195 1008 petri-

112 1007 197 1085 arcba,
218 1019 248 1070 et
272 1009 324 1070 alii
337 1008 495 1092 pontifices
509 1007 546 1092 ³).
575 1009 666 1068 Paulo
680 1003 790 1094 post⁴)
819 1009 1052 1091 Cantacuzenus,
1072 1021 1195 1094 sumpto

113 1095 179 1154 omui
193 1105 301 1156 ornatu
317 1093 523 1175 Imperatorio,
538 1093 628 1174 adyta
642 1094 801 1174 ingressus,
822 1093 949 1156 Tamum
962 1095 1049 1156 illum
1062 1097 1197 1180 propriis

110 1179 231 1242 manibus
259 1191 379 1260 gestans
405 1179 493 1241 altari
515 1179 673 1261 imposuit,
708 1179 858 1239 Palamitis
886 1181 1137 1263 applaudentibus
1166 1191 1198 1246 et

110 1263 201 1324 laium
219 1266 342 1348 Imperii
372 1265 618 1347 propagationem
649 1263 688 1323 ob
708 1263 786 1324 illud
806 1263 947 1326 meritum
970 1267 1197 1348 spondentibus.

111 1349 256 1430 Gregoras,
282 1351 386 1412 statim
404 1361 441 1412 ut
463 1351 580 1412 audivit
605 1348 762 1410 Palamitas
786 1351 1009 1430 Cantacuzeuo,
1031 1353 1198 1414 siTomum

110 1455 269 1499 mumuavo
279 1437 335 1498 illo
343 1446 373 1497 st
381 1436 527 1498 inusitato
535 1436 599 1497 ritu
611 1443 804 1512 consecraret,
817 1437 914 1496 lanata
928 1437 1028 1498 omnia
1039 1439 1200 1519 promisis-

109 1540 146 1596 se,
161 1523 259 1601 damu,
274 1521 383 1603 iuquit,
397 1544 468 1582 cum
482 1521 620 1583 videritis
628 1523 883 1581 abominationem
896 1519 1097 1582 desolationis
1110 1537 1198 1586 stan·

109 1611 200 1666 tamin
219 1609 429 1685 locosancto,
453 1611 622 1688 cognoscite
648 1610 793 1688 qnoniam
817 1609 1081 1688 appropinquavit
1106 1609 1198 1668 deso-

108 1691 174 1750 latio
187 1691 313 1774 Imperii
324 1695 462 1754 Romani
477 1693 519 1778 ⁶).
544 1693 643 1774 Atque
653 1691 732 1752 banc
746 1692 810 1753 eius
824 1694 1060 1774 praedictionem
1072 1705 1198 1756 eventus

108 1795 194 1839 reram
209 1779 304 1840 fuisse
317 1779 534 1861 comprobavit,
555 1779 706 1862 praeclara
723 1787 821 1839 autem
839 1777 1051 1841 Palamitarum
1067 1781 1198 1861 promis·

110 1881 136 1919 sa
154 1864 188 1924 ad
207 1863 343 1924 nihilum
364 1866 547 1927 reciderunt.
591 1865 637 1925 Ob
656 1886 721 1925 eam
745 1883 827 1940 rem,
848 1863 921 1924 item
940 1863 1012 1924 alias
1031 1867 1068 1926 ob
1084 1886 1198 1944 causas,

110 1947 245 2010 silentium
268 1951 443 2031 impositum
468 1951 618 2030 Gregorae
646 1952 827 2030 caeterisque
849 1947 1037 2011 orthodoxis.
1078 1950 1197 2012 Horum
1250 2019 1254 2030 ¹

109 2033 215 2110 quidam
235 2056 383 2116 paruere:
406 2035 473 2112 alii,
495 2037 578 2117 quod
599 2046 789 2096 contumaces
804 2043 917 2111 essent,
937 2035 971 2096 iu
990 2034 1112 2096 vincula
1123 2057 1199 2098 con-

109 2116 174 2182 iecti.
213 2121 400 2182 illustriores
427 2121 539 2182 inclusi
562 2121 624 2184 suis
644 2121 781 2203 ipsorum
804 2121 942 2199 aedibus,
968 2141 1009 2183 ue
1029 2142 1200 2204 quenquam

110 2203 204 2286 eloqui
215 2215 353 2290 possent.
396 2207 443 2294 Ita
456 2217 540 2268 metu
557 2207 656 2268 coacti
673 2206 875 2268 obtinuerunt.

178 2323 217 2386 lt
230 2323 421 2406 Nicephoras
438 2328 586 2407 Gregoras
599 2347 639 2390 ne
651 2337 717 2390 tum
732 2327 855 2410 quidem
866 2325 998 2406 liugnam
1013 2327 1200 2390 calamam

109 2409 266 2470 continuit:
289 2411 343 2471 sad
364 2411 484 2496 scriptia
503 2414 542 2474 ad
556 2414 774 2495 Trapeauntios
792 2422 823 2474 et
846 2412 885 2472 ad
902 2411 1029 2494 Cyprios
1047 2414 1159 2474 amicas
1172 2412 1200 2492 ο)

107 2491 202 2556 litteris
224 2497 424 2576 Byzantium
447 2499 602 2560 ecclesiam
621 2519 782 2582 perversae
801 2498 957 2560 doctrinae
977 2499 1146 2575 accusavit,
1168 2507 1201 2558 et

108 2577 138 2635 ab
157 2600 204 2658 ea,
224 2582 314 2642 velut
333 2583 438 2644 morbo
461 2584 592 2662 insecta,
620 2592 658 2645 nt
679 2585 869 2659 secederent,
891 2602 941 2643 eos
961 2583 1199 2644 commonefecit.

107 2662 177 2736 Quin
190 2676 221 2726 et
233 2666 393 2748 Principes
406 2669 489 2750 ipsos
505 2670 659 2734 criminari
672 2689 762 2731 ausus
775 2677 829 2728 est
872 2667 1073 2741 Quamobrem
1085 2668 1122 2743 ei,
1145 2666 1201 2726 do-

106 2767 164 2810 nas
186 2772 260 2814 suae
275 2753 440 2831 parietibus
454 2765 540 2836 septo
555 2767 585 2818 et
600 2756 737 2831 incluso,
760 2751 899 2816 custodes
914 2753 1056 2814 monachi
1069 2751 1202 2833 appositi

106 2845 176 2896 runt.
215 2837 367 2900 Nimirum
380 2839 442 2914 ille,
464 2841 520 2902 etsi
531 2841 668 2903 habitum
682 2840 855 2919 religiosum
869 2859 931 2900 uon
943 2837 1045 2898 induit
1058 2839 1117 2898 nisi
1130 2845 1202 2919 post

107 2937 208 2982 uuum
222 2923 330 2984 sentis
346 2925 624 3006 quinquagesimum
638 2937 769 3002 sutum,
793 2935 894 2986 temen
907 2923 988 3006 apud
1001 2923 1118 2986 Chorae
1131 2943 1201 2984 mo·

106 3004 208 3068 malros
219 3009 412 3070 domicilium
431 3012 489 3072 sibi
505 3013 668 3074 admodum
684 3011 801 3074 iuvenis
817 3010 1031 3088 constituerat,
1051 3030 1087 3069 ao
1104 3006 1202 3068 Theo·

106 3087 171 3150 doro
191 3093 387 3171 bletocbitae,
408 3097 522 3156 utiam
546 3097 662 3158 dictum
681 3107 735 3171 cst,
766 3096 989 3156 commendatae
1010 3094 1074 3155 eius
1092 3115 1202 3154 mona·

106 3176 179 3235 nerii
199 3179 469 3242 adminisustionis
483 3181 598 3243 socium
613 3201 645 3243 se
660 3191 691 3243 et
705 3181 853 3242 ricarium
869 3180 1033 3240 eddiderat.
1075 3179 1159 3253 Quin
1172 3186 1204 3238 et

106 3271 217 3324 monuo
237 3275 424 3326 successerat
443 3267 477 3326 in
499 3267 744 3348 procurationem
765 3274 796 3326 et
820 3265 1077 3326 consuestiouem
1100 3283 1204 3326 rerum

108 3345 230 3408 ciusdem
253 3350 392 3410 coenobii
410 3351 650 3433 praecipuarum.
692 3351 827 3412 Habebat
851 3352 952 3430 itaque
973 3351 1007 3410 in
1020 3350 1202 3410 monasterio

108 3434 253 3512 propriam
278 3445 310 3495 et
335 3435 372 3495 ab
385 3437 451 3496 aliis
465 3448 631 3518 separatam
642 3438 783 3513 domum,
805 3435 947 3497 humilem
974 3435 1094 3514 quidem
1107 3435 1202 3512 illam,

109 3523 135 3576 et
145 3519 226 3580 nulla
240 3519 287 3580 sui
301 3530 389 3601 parte
400 3521 465 3583 viss
477 3523 617 3606 publicas
631 3524 835 3606 attingentem,
857 3519 883 3582 si
895 3518 1083 3602 patriarchae
1097 3519 1203 3582 Philo-

138 3733 166 3804 1)
182 3735 279 3793 Editus
292 3739 598 3800 accubefisisAuetaril
611 3741 742 3798 novimimi
754 3745 831 3815 parte
842 3741 925 3826 altera
935 3755 997 3824 pag.
1010 3738 1070 3796 17⁰.
1120 3735 1153 3806 2)
1171 3735 1203 3789 Α·

169 3803 204 3858 C.
218 3823 327 3930 {epona
341 3827 434 3933 trpoersspi
444 3815 579 3898 topanta,
597 3821 658 3898 ante
668 3814 761 3935 septum
773 3817 971 3930 ⁸⁵⁸⁰¹⁰Pil⁰l¹⁸p
1010 3808 1064 3928 ug)
1073 3806 1205 3928 ιὲῦδοὲἱιο

165 3889 263 3998 au
278 3887 491 4032 ntem
507 3893 1072 4068 cantuariensem
1092 3912 1124 4026 ..3
1143 3959 1206 4024 ...

168 4015 222 4066 aaa
237 4031 270 4067 ex
287 4017 517 4087 subscriptionibus
536 4020 728 4092 pseudosynodi
746 4019 928 4082 Palamrticae,
952 4033 969 4068 a
1004 4013 1134 4067 ambatiam
1150 4011 1207 4064 edr-

167 4083 219 4134 tae.
262 4084 361 4138 Tamen
391 4088 525 4172 Gregorss
552 4089 618 4144 duos
640 4097 739 4143 tantan
763 4097 791 4142 et
809 4087 905 4158 viginti
926 4084 1063 4139 areasitos
1085 4081 1206 4165 affirmat.

166 4146 319 4238 4)Intestp
330 4157 528 4240 assumptionis.
585 4159 618 4227 5)
632 4159 703 4212 Hist.
724 4155 768 4212 lib.
786 4174 851 4242 xre.
870 4172 928 4240 epp·
943 4154 992 4207 ult·
1044 4151 1206 4222 &1an

166 4217 200 4271 ad
214 4221 358 4292 Georgium
374 4225 520 4296 Laprttsan.
554 4225 615 4282 na.
628 4226 769 4285 Omtacua.
786 4227 856 4282 litet
872 4225 918 4280 hb.
935 4239 974 4277 n.
992 4239 1016 4276 s.
1028 4217 1073 4276 24.

145 4299 306 4375 Manum
323 4307 435 4382 drogon
469 4311 566 4367 Vott
982 4313 1000 4352 ⁰
