3084 4862
278 301 518 374 NlOEPHORI
537 299 777 372 Ganuenta
796 299 974 406 erotem
1105 313 1189 364 nus

145 461 334 549 Amidam
357 461 544 554 Gregoroe.
565 459 724 550 Epistola
748 459 1012 528 Thessalonicae
1032 459 1127 526 dota

163 585 329 659 Balsamon,
349 583 398 644 vir
413 581 565 664 egregius,
587 603 656 642 cum
672 591 702 642 et
718 581 831 641 amicus
845 602 931 643 meus
943 582 982 643 sit
998 591 1027 642 et
1041 581 1100 641 mei
1116 592 1181 642 stu-

100 667 140 728 dio
161 671 270 729 amicos
296 689 399 730 omnes
422 669 539 743 vincat,
560 678 628 728 tuas
639 667 713 728 milri
730 668 843 728 litteras
858 666 984 750 (sciebat
996 668 1074 728 enim
1090 687 1136 727 me
1152 663 1185 728 et

96 753 134 812 tui
151 764 177 814 et
191 755 374 836 scriptorum
396 764 519 828 tuorum
537 772 638 816 amore
656 753 844 815 vehementer
858 751 1097 836 inflammatum),
1113 761 1181 814 tuas

97 837 200 920 inquam
226 837 342 901 litteras
362 840 438 901 mihi
459 839 584 917 obtulit,
605 839 779 920 insigniret
796 839 895 918 magni
916 839 1076 900 cuiuslibet
1087 835 1182 898 beness

98 922 145 982 licii
163 925 231 987 loco
253 925 423 1004 habendas,
444 926 511 986 illas
528 923 686 1004 videlicet,
712 945 787 1004 quae
808 925 945 985 caelestia
966 925 1078 1005 ignaria
1098 923 1182 1006 pan-

97 1009 165 1072 dunt.
205 1013 275 1072 Una
295 1011 370 1072 haec
392 1012 457 1072 laus
472 1011 508 1082 iis
522 1031 578 1090 pro
600 1011 659 1070 alio
676 1011 758 1070 omni
771 1011 867 1090 elogio
881 1011 1026 1073 sufficiat:
1045 1011 1136 1070 immo
1152 1002 1183 1069 ei

97 1095 206 1175 epistola
228 1105 259 1158 et
273 1097 415 1179 epistolae
428 1107 515 1180 pater
525 1095 612 1156 utam
628 1096 745 1156 laudem
759 1097 832 1156 boni
845 1099 1019 1175 consulant,
1040 1097 1066 1156 ai
1081 1095 1180 1155 minus

95 1201 180 1260 parem
191 1183 239 1244 rei
257 1179 405 1262 dignitati,
428 1191 459 1242 at
471 1202 527 1264 pro
544 1175 636 1264 captu¹
650 1191 763 1258 nostro,
786 1191 931 1263 quatenus
946 1201 1053 1264 nempe
1069 1191 1099 1241 et
1111 1174 1180 1262 pe'rss

93 1265 189 1346 spicere
206 1278 238 1329 et
254 1269 357 1348 eloqui
372 1287 547 1350 possumus,
569 1267 642 1328 satia
661 1265 858 1346 magnificem.
899 1269 960 1348 Ego
976 1271 1048 1328 uero
1064 1267 1180 1326 litteras

91 1349 120 1410 ab
133 1351 180 1412 illo
203 1363 344 1436 acceptas
359 1374 429 1414 cum
450 1353 658 1436 perlegissem,
680 1373 800 1414 sensum
818 1354 1026 1430 reconditum,
1049 1353 1181 1412 Graecae

93 1435 197 1516 linguae
223 1433 457 1521 proprietatem,
480 1438 649 1498 dictionum
671 1459 710 1498 ex
731 1438 820 1498 liorto
839 1438 925 1520 quasi
947 1437 1048 1500 Attico
1073 1437 1178 1496 decer-

91 1531 197 1602 ptarum
218 1523 357 1584 floridam
374 1526 565 1604 elegantiam,
589 1534 830 1602 argumentorum
842 1525 1034 1602 varietatem,
1056 1543 1095 1583 ex
1110 1521 1180 1586 Pla-

90 1610 156 1668 tonis
172 1607 211 1687 (ai
223 1631 281 1691 qua
299 1609 386 1670 nobie
399 1609 473 1670 fides
489 1611 521 1669 in
535 1607 584 1671 his
602 1611 710 1682 rebus)
734 1631 816 1692 penu
835 1611 1062 1693 depromptam,
1084 1585 1179 1694 totoinff

90 1691 221 1774 denique,
241 1703 279 1755 ut
299 1695 390 1756 verba
415 1694 528 1774 dicam,
551 1695 798 1776 compositionem
821 1705 978 1757 venustam
998 1704 1028 1757 et
1050 1679 1179 1754 conciri-¹

91 1797 148 1839 nam
165 1779 334 1841 admiratus
350 1800 435 1841 aum:
460 1801 641 1862 quamquam
660 1802 703 1862 ea,
724 1801 801 1862 quae
817 1780 897 1861 dixi,
918 1781 997 1842 veria
1015 1779 1132 1839 minora
1148 1783 1179 1838 et

91 1863 163 1944 longa
178 1865 262 1927 infra
281 1887 345 1927 rem
363 1868 495 1932 fuerunt.
539 1867 680 1926 Attamen
697 1867 874 1927 caalitteras
894 1889 951 1948 pro
975 1865 1057 1928 virili
1080 1855 1179 1948 admiss

92 1958 160 2010 ratus
182 1953 225 2010 eis
244 1949 374 2026 tradidi,
392 1951 445 2032 qui
462 1971 641 2032 magnopere
657 1951 846 2034 expetebint
886 1951 982 2013 Eram
994 1971 1086 2034 porro
1103 1949 1180 2030 plu-

94 2033 162 2110 rimi,
183 2056 218 2097 ac
235 2056 291 2120 per
306 2057 408 2097 omsres
422 2021 582 2097 admiratio
597 2038 740 2120 pervasit.
778 2037 854 2098 Tum
869 2039 979 2120 passim
991 2036 1047 2098 tibi
1062 2035 1179 2095 theatra

99 2117 231 2194 plaudere,
254 2122 366 2204 passim
382 2141 484 2183 omnes
497 2142 569 2204 prae
583 2121 692 2204 gaudio
708 2121 837 2204 exsilire,
856 2123 921 2184 aliis
935 2124 994 2207 alia
1009 2119 1179 2204 suspicien-

101 2203 174 2284 shus,
194 2207 287 2267 immo
310 2207 408 2266 omnia
425 2207 579 2286 omnibus,
601 2229 658 2290 pro
675 2230 729 2269 sua
749 2207 873 2287 singulis
888 2203 1039 2270 facultate.
1082 2205 1127 2268 lta
1142 2215 1179 2264 tu

101 2289 192 2364 pidem
209 2291 347 2353 homines
367 2313 527 2374 suspensos
542 2294 711 2354 litterarum
732 2295 881 2355 suavitate
904 2293 1040 2355 tenuisti.
1087 2284 1178 2366 Quod

99 2383 175 2437 stem
187 2377 355 2438 eruditione
367 2388 420 2438 tua
432 2399 525 2458 aeque
539 2379 677 2439 omnibus
694 2379 860 2460 profueris,
882 2387 947 2440 tum
972 2379 1008 2440 iia
1026 2377 1080 2459 qui
1099 2397 1177 2437 eau-

100 2453 147 2522 deq
162 2461 218 2543 ipsi
232 2482 352 2543 quoquo
363 2463 553 2544 disciplinam
566 2464 783 2542 excoluissent,
804 2475 871 2524 tum
885 2465 922 2526 iia
943 2465 994 2547 qui
1018 2463 1109 2524 rudes
1127 2481 1177 2521 es·

100 2557 160 2620 Μῦς
178 2545 224 2608 lria
238 2548 362 2628 quidem
377 2568 426 2611 eea
442 2570 508 2627 res,
529 2569 601 2628 quaa
619 2570 773 2629 nunquam
787 2549 959 2629 audierant,
981 2547 1114 2624 edoctia;
1135 2547 1178 2606 il·

101 2621 135 2684 li!
146 2643 200 2694 ero
215 2653 332 2708 earum,
355 2651 426 2714 quas
441 2653 596 2716 perperam
611 2635 797 2712 didicerant,
818 2644 901 2696 recta
918 2645 948 2694 et
963 2641 1103 2696 recreata
1121 2651 1177 2691 co·

103 2710 394 2786 otiosissimam:
416 2721 483 2799 quis
498 2741 561 2780 non
573 2720 631 2780 tibi
646 2739 681 2780 eo
698 2719 820 2780 nomine
836 2720 944 2798 gratias
957 2715 1128 2802 [maximas]
1147 2713 1178 2794 ι)Ι

103 2795 167 2872 Ιεῑῑ,
184 2813 200 2864 t
220 2803 353 2864 minores
364 2813 466 2864 tamen
481 2825 569 2886 quam
585 2825 660 2886 quas
672 2825 706 2868 re
721 2805 785 2887 ipse
800 2804 912 2866 habeti
938 2793 1088 2886 'Equidem
1104 2799 1178 2860 mihi

102 2877 284 2950 videorhmd
304 2897 415 2950 temere
434 2891 599 2970 iudicasse,
620 2892 704 2952 illam
727 2891 885 2974 epistolam
907 2899 991 2970 grata
1008 2889 1178 2972 lyricorum

102 2965 265 3062 ³201hlt1am
288 2974 433 3035 varietate
456 2995 473 3035 a
499 2973 641 3035 Thebano
667 2987 736 3037 vata
757 2977 957 3046 elaboratam,
987 2983 1018 3035 et
1041 2973 1177 3049 Veneria,

104 3067 159 3108 ΒΜ
171 3053 296 3119 aarum
310 3079 389 3139 quae
404 3079 421 3119 a
435 3061 559 3121 Platone
573 3061 709 3123 caelestia
721 3061 850 3138 dicitur,
865 3061 993 3142 “plenam
1007 3057 1177 3121 credidisse.

105 3131 181 3214 liqui
193 3145 274 3205 mlta
285 3153 340 3204 tna
353 3145 433 3226 apud
450 3165 499 3206 me
517 3146 643 3206 collecta
658 3146 838 3226 excellentis
847 3147 958 3226 ingenii
975 3155 1006 3205 et
1017 3143 1178 3206 facundiae

107 3215 267 3290 nuntiante
288 3229 347 3291 alia
368 3230 597 3292 admirationem
618 3231 747 3291 hebent:
777 3251 853 3312 qaae
882 3241 934 3310 tu,
956 3231 982 3291 ai
1004 3228 1177 3304 meministi,

107 3301 174 3401 *tub
184 3309 303 3376 iiiviro
317 3323 348 3374 et
364 3315 537 3378 doctissimo
557 3315 740 3398 philosopho
748 3315 778 3399 ¹)
801 3317 928 3398 losepho
944 3315 1040 3376 divini
1056 3314 1177 3394 sapien-

108 3396 177 3470 htqte
193 3395 327 3463 Pelemae
340 3397 368 3483 ³)
383 3401 557 3464 interventu
578 3409 647 3464 ante
662 3402 722 3463 hoo
739 3402 896 3464 biennium
916 3399 1032 3464 misisti.
1073 3399 1132 3460 Hic
1146 3396 1176 3472 4)

136 3557 194 3624 Ῐ)81
212 3565 287 3635 legas
304 3565 430 3634 peltana,
445 3567 597 3622 vertendum
616 3567 683 3634 erit,
740 3570 812 3624 otios
824 3569 885 3639 agit
903 3568 1028 3631 maiores,
1050 3580 1129 3637 pam
1147 3581 1178 3622 ra

162 3645 202 3686 aa
213 3635 327 3700 huot,
345 3636 415 3706 qaod
428 3635 567 3692 absurdum
579 3647 629 3692 est.
690 3585 824 3726 25'Ertae
836 3639 905 3690 tatae
917 3637 1054 3704 &ragone
1065 3651 1179 3707 opeton-

162 3694 245 3756 laad.
263 3704 352 3758 Vatic-
372 3707 448 3762 1086
465 3706 512 3760 tol.
530 3710 572 3766 75·
589 3705 663 3776 uode
685 3727 736 3764 aaa
755 3705 979 3780 oadaopsoimao
995 3701 1098 3775 laada
1113 3703 1180 3774 usal

163 3771 195 3824 sd
206 3769 300 3842 πάσχα
314 3769 474 3858 dapium,
489 3767 566 3842 ὅπως
578 3773 684 3848 ἐσφάλη
699 3775 755 3848 apd
766 3775 890 3846 zedemo,
906 3775 954 3832 ael
967 3771 1043 3840 dama
1057 3777 1102 3832 dei
1114 3791 1179 3830 uos-
1297 3835 1301 3850 ,

164 3843 239 3898 taos
250 3839 303 3911 τὴν
315 3862 420 3899 τουτον
435 3841 605 3913 dedottooss,
623 3863 714 3918 parum
730 3847 834 3901 diersa
852 3845 884 3900 ab
903 3845 1019 3900 eiusdem
1033 3843 1179 3914 argumenti

164 3902 332 3982 &pumtioam
350 3929 418 3982 quaa
433 3913 504 3968 edita
515 3923 557 3971 eat
570 3915 641 3970 ntes.
654 3917 721 3986 Byr.
743 3915 859 3969 lib.vn1.
876 3931 934 3986 eep.
950 3915 992 3970 te.
1050 3915 1083 3983 θ)
1100 3912 1178 3966 Asia-

164 3969 241 4043 δυ,
258 3997 318 4034 oum
330 3983 426 4036 hanes
444 3977 544 4040 iatolam
557 3984 677 4055 scripsit,
693 3985 790 4040 aulem
802 3985 923 4039 Patamae
935 3991 1002 4038 arat.
1036 3985 1072 4038 At
1088 3991 1180 4053 postea

168 4057 204 4102 m
220 4047 266 4102 illo
280 4049 425 4120 capturas
508 4055 566 4126 ipse
579 4061 606 4112 et
623 4055 759 4124 Grsgoraa
775 4057 973 4114 adsuerant.
992 4052 1053 4111 Nou
1068 4059 1111 4108 eat
1127 4051 1180 4106 iu·

168 4125 201 4179 q!
211 4123 241 4168 πὶ
255 4121 408 4185 mamus,
425 4123 586 4196 Aciudynum
600 4121 659 4178 idea
673 4126 700 4177 in
713 4123 762 4177 hac
773 4123 883 4194 epistola
895 4121 1036 4178 blanditum
1047 4121 1181 4175 aaaeGra·

169 4192 242 4308 w,
248 4187 603 4318 r‘ffiglimssmpid'm
611 4193 738 4248 Palanam
752 4195 922 4276 campiparat·
949 4192 1030 4317 gp&
1043 4189 1180 4313 eoduma}-

173 4311 204 4386 ι)
218 4323 322 4382 m
397 4277 415 4316 u
486 4262 583 4320 m
602 4261 752 4334 ΨΜ
764 4279 795 4319 10
806 4261 937 4335 Amdynd
1045 4259 1088 4332 8¹0
1173 4293 1181 4310 ο
