3084 4862
325 291 371 344 ιιι
553 275 789 346 NlCEPHORl
810 271 1051 345 GREGORAE
1071 273 1193 344 VITA.

325 459 394 502 eum
415 447 548 500 montem
566 434 768 498 incolentibus
789 433 826 495 ab
842 433 987 494 historico
1009 432 1141 511 obiectu,
1164 432 1197 493 in
1214 431 1320 494 iisdem
1335 433 1422 496 libris

325 526 504 588 observavit
548 523 632 598 Quse
651 531 687 583 ut
706 522 779 583 selas
799 540 861 580 esse
880 528 1032 598 argueret,
1053 519 1182 580 arbitros
1205 539 1374 582 convocare
1394 530 1424 582 et

326 633 431 672 eorum
447 609 560 671 iudicio
577 629 733 669 censuram
744 607 813 667 libri
825 604 998 687 permittere
1013 605 1178 664 coustituit.
1221 605 1319 665 dcciti
1331 605 1423 686 igitur

324 697 387 760 viri
404 697 555 772 illustres,
584 703 615 754 et
635 693 751 754 civium
770 689 1005 772 Byzantinorum
1023 689 1194 751 lectissimi:
1219 691 1273 771 qui
1294 692 1346 751 ubi
1365 691 1424 751 cri-

325 782 455 842 minosas
477 781 545 840 illas
560 779 746 840 narrationes
761 798 814 858 per
828 778 971 838 lectorem
987 775 1127 836 recitatas
1143 775 1342 852 audiverunt,
1362 797 1425 836 ussa

327 887 431 928 omnes
451 885 526 928 voce
551 867 720 946 Gregorcm
738 859 827 924 valde
846 860 1017 922 mendacem
1034 872 1062 920 et
1075 859 1280 942 impudentem
1291 872 1318 920 et
1333 863 1425 922 levem

326 973 388 1012 esse
404 953 664 1032 pronunciarent.
707 949 752 1010 Ita
774 949 920 1028 Gregoras
935 946 1038 1008 absens
1054 957 1085 1008 et
1100 945 1253 1008 inauditus
1265 948 1426 1007 damnatus

326 1047 382 1098 est.
405 1040 444 1096 st
456 1036 517 1114 hic,
532 1037 586 1096 ubi
597 1057 661 1096 reus
669 1033 800 1112 rescivit,
815 1055 899 1112 segre
912 1033 1075 1093 admodum
1081 1033 1165 1110 tulit,
1180 1042 1210 1092 et
1219 1033 1426 1093 Cautscuaeno

327 1133 477 1183 convento
498 1121 582 1182 hunc
593 1121 780 1202 triumphum
794 1130 831 1179 ut
849 1119 986 1200 iniquum
1003 1117 1214 1199 exprobravit:
1236 1119 1428 1198 nequeenim

327 1227 736 1288 quaecunquenomensuum
749 1205 943 1288 praeferrent,
952 1225 984 1264 ea
997 1204 1097 1264 emnia
1111 1204 1265 1285 scripsisse
1279 1225 1325 1265 sss
1348 1225 1428 1285 quas

327 1305 438 1352 contra
465 1295 588 1353 Tomum
611 1296 729 1372 scripta
749 1287 1029 1370 circumferrentur,
1052 1311 1110 1350 sua
1122 1305 1202 1366 esse3'
1223 1311 1302 1372 quae
1320 1301 1430 1348 contra

329 1377 585 1455 cantassemus»,
606 1381 720 1437 nescire
736 1399 767 1436 se
787 1377 1007 1455 cuiussorent:
1028 1377 1103 1438 velle
1116 1387 1225 1453 nectem,
1248 1376 1303 1434 uhi
1316 1387 1431 1434 nactus

327 1475 419 1544 esset,
441 1487 478 1524 ea
496 1467 700 1546 supprimere,
722 1485 799 1544 quas
817 1466 846 1522 ss'
866 1465 959 1542 prius
976 1465 1155 1542 aoceprbset,
1178 1482 1270 1541 quam
1286 1461 1331 1521 ad
1343 1463 1432 1520 alio-

327 1571 398 1609 rum
421 1569 512 1609 aures
536 1553 687 1626 venirent,
719 1552 787 1630 igni
807 1547 1038 1612 mandaturum.
1086 1546 1168 1607 Hsec
1191 1547 1259 1625 ille,
1289 1547 1329 1605 od
1352 1567 1432 1627 quse

327 1635 551 1695 Centacuseuus
573 1635 687 1695 ironice
708 1633 881 1716 respoudit,
902 1642 938 1694 ut
957 1633 1056 1694 ridere
1069 1634 1173 1715 potius
1187 1651 1275 1712 quam
1291 1631 1433 1692 refellere

326 1719 491 1782 videretur.
534 1720 628 1802 Atqui
649 1720 811 1800 Gregores‚
834 1740 902 1780 cum
921 1729 1043 1799 negaret
1067 1739 1120 1779 sua
1140 1739 1203 1778 esse
1224 1737 1299 1798 quse
1316 1718 1433 1777 Canta-

328 1822 460 1865 cuzsnus
481 1805 601 1886 publice
617 1805 777 1886 arguisset,
794 1804 877 1865 hand
899 1805 1098 1866 mentiebatur
1103 1824 1113 1878 3
1131 1803 1190 1864 nisi
1203 1805 1280 1864 forte
1294 1803 1433 1864 diversos

327 1889 365 1948 ab
380 1890 416 1949 iis
430 1891 482 1970 qui
495 1901 658 1972 supersunt
671 1891 820 1952 Historiae
826 1891 1009 1972 Byzantinus
1020 1889 1114 1952 libros
1129 1889 1312 1950 condiderst
1354 1889 1435 1949 Nasu

326 1973 361 2035 iu
387 1971 434 2035 bis
455 1997 529 2057 quos
552 1975 693 2038 habemus
718 1977 809 2059 (sunt
830 1987 931 2037 sutem
955 1973 1249 2056 duodequadraginta
1271 1971 1434 2054 continui)

328 2060 367 2122 tle
385 2061 448 2120 illia
471 2063 622 2122 montenis
641 2063 771 2124 oraculis
788 2083 806 2122 s
821 2063 1027 2122 Cautscuzeno
1051 2061 1196 2122 consultis
1212 2059 1435 2123 nihilomnino

326 2145 476 2227 scriptum
499 2147 649 2225 occurrit,
672 2148 710 2208 de
725 2149 835 2208 montis
849 2147 929 2209 suo
941 2147 1095 2208 monachia
1110 2147 1205 2206 multu
1219 2145 1355 2226 quidem3
1382 2143 1439 2206 sed

325 2249 390 2290 uon
407 2231 461 2292 illa
473 2231 550 2313 ipsa,
563 2254 639 2313 quae
654 2233 877 2294 Cantucuaenus
892 2235 972 2314 apud
984 2255 1016 2294 se
1028 2235 1105 2294 lecte
1119 2251 1182 2294 esse
1194 2241 1358 2310 memoret,
1374 2231 1437 2292 im-

325 2333 376 2376 mo
391 2338 442 2393 es,
464 2337 539 2397 quae
550 2328 723 2380 etmoutem
738 2329 768 2378 et
792 2317 955 2380 monachos
969 2320 1045 2379 mise
1060 2317 1273 2378 commendant
1286 2313 1323 2398 ¹).

410 2402 490 2462 Hinc
510 2404 584 2464 adeo
605 2414 744 2486 apparet,
765 2405 860 2466 libros
882 2405 1079 2484 Gregoraesb
1095 2403 1268 2465 bominibus
1284 2401 1438 2484 improbis

324 2485 386 2546 ism
400 2498 465 2548 tum
482 2489 575 2550 luisse
587 2499 746 2572 corruptos
761 2511 798 2550 ac
811 2491 1009 2572 depravatos,
1031 2489 1160 2572 proinde
1176 2509 1248 2550 vers
1262 2508 1334 2564 esse,
1359 2509 1439 2570 quae

325 2569 379 2631 liic
392 2573 501 2634 ultimo
514 2575 665 2636 Historiae
678 2577 757 2637 libro
772 2576 809 2636 de
826 2575 1069 2637 adversariorum
1082 2575 1217 2654 nequitia
1229 2583 1259 2634 et
1274 2575 1363 2634 malis
1385 2595 1439 2635 ar-

326 2657 408 2718 tibus
428 2659 582 2740 queritur,
606 2661 688 2742 quod
705 2661 730 2722 ii
747 2663 845 2722 mults
864 2663 1036 2724 clanculum
1056 2681 1096 2721 ex
1117 2661 1179 2720 suis
1198 2659 1338 2741 operibus
1353 2661 1439 2721 terro

326 2753 441 2804 resecta
462 2746 662 2824 sustulissent,
684 2757 715 2807 et
728 2748 829 2807 litters
842 2769 904 2808 uns
921 2749 971 2809 rel
985 2747 1074 2807 etiam
1090 2746 1230 2827 pluribus
1242 2765 1296 2806 seu
1310 2745 1440 2824 additis,

327 2847 382 2888 seu
396 2829 528 2891 invicem
543 2832 729 2912 permutatis,
752 2853 859 2892 verum
874 2854 910 2893 ac
923 2841 1041 2894 rectum
1057 2851 1177 2892 sensum
1193 2831 1316 2894 omniuo
1330 2831 1442 2894 inves-

327 2910 450 2990 tissent,
471 2925 506 2974 ut
521 2920 583 2993 φεῦ
595 2939 652 2996 pro
668 2909 720 2994 εὖ,
740 2913 836 2980 κακὸν
852 2938 909 2998 pro
920 2913 1031 2994 καλᾶν,
1052 2914 1128 2980 sord
1140 2937 1197 2998 pre
1210 2917 1296 2999 περὶ,
1317 2917 1444 2996 legero·

326 3004 388 3057 tur.
431 2999 634 3074 Quamobrem
648 3001 737 3061 etiam
751 3002 879 3062 lectores
895 3001 1045 3080 admonet,
1066 3001 1272 3082 horteturque,
1289 3012 1323 3063 ut
1335 3003 1443 3065 libro·

327 3100 397 3142 rum
427 3105 549 3146 suorum
581 3085 762 3168 exemplaria
791 3089 965 3165 conferant3
996 3108 1070 3168 quse
1094 3087 1224 3170 plurima
1247 3089 1289 3150 ait
1312 3099 1444 3150 extaret

326 3167 439 3249 quippe
460 3191 509 3247 se,
534 3170 679 3233 eiusmodi
701 3171 820 3233 fraudes
838 3181 1101 3253 praemetuentem,
1124 3193 1243 3255 operum
1259 3173 1392 3255 dedisse,
1408 3183 1446 3235 ut

325 3253 423 3312 multa
436 3255 606 3338 apographo
618 3255 840 3338 discipulorum
853 3279 947 3320 manu
962 3279 1052 3342 quem
1070 3257 1295 3320 accuratissime
1309 3279 1369 3321 suo
1389 3261 1446 3322 vel

326 3337 493 3400 amicorum
513 3352 640 3423 sumptu
659 3343 908 3406 describerentur.
1087 3357 1092 3369 “

411 3423 550 3487 Fortasse
568 3427 676 3506 igitur,
697 3438 734 3488 ut
745 3429 897 3510 plerisque
913 3429 1098 3507 auctoribus,
1116 3429 1159 3489 ita
1173 3429 1261 3490 etism
1276 3428 1445 3511 Nicepho-

324 3529 361 3570 το
377 3509 527 3606 §regeres
541 3513 686 3592 quaedam
698 3515 773 3575 falso
786 3513 1012 3594 adscribuntur,
1035 3514 1139 3596 spuria
1153 3515 1298 3576 videlicet
1314 3525 1346 3574 et
1360 3535 1447 3597 sup-

324 3593 478 3674 posltitis:
500 3598 668 3658 cuiusmodi
684 3618 746 3660 esse
760 3601 898 3660 existimo
912 3603 1061 3662 somnium
1076 3601 1154 3662 illud
1174 3599 1408 3684 propheticum,
1428 3623 1448 3660 s

325 3677 485 3740 Philotheo
505 3683 676 3762 patriarche
695 3685 877 3766 productum
890 3685 920 3764 ¹)
943 3695 974 3747 et
988 3687 1164 3767 explosums
1187 3687 1270 3768 quod
1291 3687 1449 3765 quonism

325 3765 464 3825 neudum
491 3769 575 3850 typis
601 3771 716 3831 editum
736 3781 798 3849 est,
819 3771 906 3832 iuvat
926 3770 986 3832 hoe
1009 3773 1078 3832 loeo
1097 3773 1247 3851 integrum
1271 3791 1447 3852 apponere.

326 3849 473 3928 Gregorss
482 3853 571 3914 domo
585 3854 720 3916 inclusus
730 3853 758 3939 ³)
773 3856 1009 3938 Agathangelum
1021 3857 1129 3918 furtim
1137 3857 1302 3935 ingressum
1317 3866 1351 3916 et
1363 3878 1449 3918 mox

326 3933 494 4008 abiturum,
517 3937 551 3998 in
567 3940 684 4020 epilogo
702 3941 809 4020 Operis
821 3940 1033 4019 lutire-betici,
1055 3943 1136 4022 quod
1151 3941 1327 4003 Philotbeus
1348 3944 1451 4004 reiu-

327 4019 453 4082 undum
471 4024 618 4105 suscepit,
639 4024 687 4085 his
709 4027 879 4107 alloquitur.
922 4021 1002 4092 Fessi
1017 4024 1051 4092 dl
1066 4023 1171 4112 πὸρῤω
1189 4031 1310 4093 νυκτῶν
1329 4025 1375 4092 τὰ
1388 4031 1451 4113 τῆς

362 4221 395 4293 1)
416 4221 484 4278 Vide
500 4223 569 4280 Hist
588 4225 633 4280 lib.
652 4243 708 4282 xiv.
726 4245 783 4297 cap.
800 4231 826 4283 7.
894 4229 927 4300 2)
943 4227 1089 4284 Antirrbet.
1118 4244 1165 4284 ιιι.
1193 4227 1259 4284 Ced.
1277 4245 1335 4300 reg.
1360 4233 1451 4291 1996.

397 4292 444 4347 tel·
461 4294 523 4354 297.
593 4295 625 4367 3)
642 4298 672 4354 t.
690 4297 723 4354 c.
740 4311 868 4352 secessu.
