3084 4862
116 943 624 1040 NICEPHORI
700 945 1202 1040 GREGORAE

290 1148 446 1227 mre.
510 1151 715 1228 ornet.
777 1153 1013 1233 necem.

141 1472 177 1528 ld
198 1473 238 1529 nt
257 1471 386 1531 hbbatem
403 1475 591 1532 CAMILLUM
614 1475 845 1543 renuntient,
869 1476 1047 1534 Bibliothecae
1069 1471 1169 1549 Regiae

324 1627 329 1641 x
366 1562 545 1630 Pneteenn,
562 1563 670 1634 scripsit
685 1564 734 1619 10.
752 1563 936 1620 BOIVINUS.

524 1887 773 1957 VITA.

114 2007 401 2136 (ingementem,
422 2069 562 2122 accurate
579 2070 764 2138 crematam,
786 2081 850 2121 non
871 2059 912 2120 ita
931 2059 1049 2142 pridem
1071 2059 1206 2138 vulgavit

112 2141 244 2204 ltlsrtinua
259 2145 419 2222 Henkius,
441 2147 489 2208 vir
509 2148 618 2207 doctus
640 2146 719 2206 etin
739 2146 874 2206 historiis
897 2145 1018 2206 Graecis
1032 2145 1213 2224 Latinisque·

112 2227 182 2288 haud
195 2231 394 2290 mediocriter
408 2241 553 2294 veremur.
596 2231 655 2290 Sed
672 2231 697 2292 ie
713 2231 808 2292 libros
824 2233 974 2310 Gregorse
986 2231 1062 2290 elica
1077 2251 1139 2290 non
1155 2230 1206 2290 vi-

112 2313 199 2390 deret,
219 2316 282 2376 nisi
298 2316 439 2376 undecim
454 2317 586 2398 priores,
608 2317 644 2377 ab
662 2316 847 2398 Hieronymo
862 2316 971 2376 Wolfio
986 2315 1089 2378 editos.
1133 2316 1206 2394 Ego,
1225 2389 1232 2405 ⁸

110 2409 140 2458 ut
155 2402 227 2462 Tute
246 2400 309 2462 scis
323 2403 423 2462 Annis
436 2403 651 2479 Nonmssnm,
672 2403 804 2480 integros
825 2401 1123 2482 duodequadraginta
1147 2398 1207 2461 he·

108 2483 168 2558 bni3
189 2487 261 2568 item
282 2487 341 2545 elie
358 2487 502 2566 quaedem
518 2489 649 2550 eiusdem
662 2489 791 2550 auctorie
805 2488 960 2566 anecdota,
982 2507 1018 2546 ac
1033 2486 1120 2546 iniis
1138 2486 1206 2546 dia-

106 2569 200 2650 logum
214 2571 252 2630 de
267 2575 442 2651 Sapientia,
464 2575 518 2655 qui
529 2585 559 2636 et
568 2575 746 2634 Florentiae
758 2573 944 2634 inscribitur.
986 2569 1041 2631 His
1057 2571 1204 2647 omnibns,

107 2665 133 2714 et
146 2657 209 2718 aliia
224 2669 384 2739 praeterea
405 2659 571 2738 aequalium
586 2660 735 2738 Gregorae
751 2659 933 2739 scriptorum
948 2657 1035 2716 libris
1054 2655 1206 2736 perlectis,

105 2742 227 2822 plurime
246 2741 391 2803 adhunc
412 2745 491 2804 diem
511 2746 616 2826 paucis
629 2741 807 2824 investigata
825 2743 937 2820 didici,
957 2760 1079 2820 remque
1096 2741 1132 2800 ab
1147 2738 1208 2799 ho-

106 2829 177 2890 mine
194 2829 335 2906 erudito,
357 2829 410 2888 sed
426 2829 487 2890 illis
506 2831 581 2912 ipsis
600 2829 780 2890 adiumentis
795 2829 953 2904 destituto,
974 2827 1034 2886 iem
1056 2825 1109 2908 (ut
1123 2823 1208 2886 dixi·

106 2917 379 2991 nosrtrsctatam,
398 2915 436 2974 de
450 2935 531 2976 novo
545 2916 697 2998 explicare
707 2914 836 2976 institui.
880 2915 1035 2974 Caeterum
1054 2911 1081 2974 si
1094 2911 1208 2972 Hankii
1328 2957 1330 2962 -

107 3001 252 3082 exemplo,
277 3001 446 3062 alienorum
467 3021 593 3082 operum
609 3000 719 3082 pannis
740 3001 875 3080 undique
897 2998 1036 3073 collatis,
1057 2998 1207 3078 quendam

108 3084 193 3144 veluti
208 3097 373 3148 centonem
387 3088 559 3164 texuissem,
580 3087 695 3150 veritus
710 3107 787 3163 eum,
803 3105 843 3148 ne
853 3104 983 3167 parvum
997 3102 1052 3160 per
1066 3102 1098 3141 se
1112 3101 1206 3160 argu·

107 3181 233 3232 mentum
252 3171 289 3232 in
312 3192 451 3250 magnum
472 3175 579 3234 semim
596 3174 736 3232 volumen
754 3178 950 3233 excresceret.
992 3167 1086 3228 Malui
1103 3167 1206 3246 itaque

108 3257 174 3316 meis
189 3257 309 3335 verbis,
332 3267 362 3318 et
376 3257 542 3318 continenti
561 3261 622 3318 tere
638 3257 828 3334 narratione,
851 3253 1003 3334 sigillatim
1024 3271 1160 3332 quaeque
1175 3260 1206 3320 et

106 3337 230 3402 breviter
253 3362 505 3404 commemorare:
533 3343 678 3404 nimirum
701 3355 737 3404 ut
758 3341 843 3402 euius
860 3338 997 3400 historici
1015 3337 1128 3414 libros,
1150 3356 1206 3417 per

107 3428 196 3487 varies
211 3427 417 3488 Bibliothecae
435 3438 522 3490 entes
535 3428 695 3510 dispersos,
717 3429 778 3488 tnie
791 3426 959 3509 sumptibus
971 3433 1092 3502 tuaque,
1108 3426 1205 3484 Assss

107 3509 352 3592 heumann,
377 3515 554 3575 anctoritate
574 3513 813 3592 collegissemus,
835 3513 898 3572 eius
918 3519 955 3570 tu
975 3509 1056 3568 dicta
1081 3518 1111 3568 et
1126 3507 1206 3568 saeta

107 3595 183 3660 brevi
197 3621 255 3680 per
267 3620 326 3658 nos
343 3599 447 3658 libello
467 3599 681 3680 comprehensa
696 3599 821 3660 haberes
829 3620 838 3674 3
861 3607 891 3658 et
903 3593 976 3654 hine
997 3591 1111 3675 quanta
1125 3593 1206 3675 apud
1235 3617 1239 3626 ·

107 3701 169 3744 snos
190 3685 368 3746 celebritate
390 3685 536 3765 Gregoras
556 3695 661 3746 noster
680 3685 851 3760 floruisset,
873 3680 991 3742 facilius
1008 3678 1205 3758 intelligerea;

106 3787 156 3827 nec
166 3781 198 3830 te
213 3779 343 3831 navetae
358 3769 432 3829 huie
448 3771 590 3852 scriptori
607 3791 715 3852 operae
727 3779 848 3830 nostrae
861 3765 1036 3848 poeniteret.
1046 3765 1125 3823 'Non
1139 3783 1208 3822 eum

106 3865 198 3916 sutem
214 3857 294 3918 adeo
310 3855 450 3934 iniquus,
471 3865 507 3916 ut
521 3855 580 3916 hac
601 3857 801 3936 qualicunque
814 3853 892 3933 grati
910 3849 1001 3911 animi
1017 3848 1208 3928 significatio·

105 3957 141 4000 ne
162 3943 237 4004 setis
260 3962 310 4002 me
331 3940 386 4000 tibi
403 3963 459 4022 pro
477 3941 579 4002 officio
602 3963 667 4002 meo
690 3943 795 4002 fecisse
810 3936 994 4000 existimemt
1015 3944 1208 3995 nectuornm

105 4043 168 4104 erga
188 4027 436 4088 mementorum
456 4027 692 4106 magnitudinem
713 4029 756 4086 sic
777 4027 898 4104 ignoro,
919 4031 955 4082 ut
970 4039 1057 4104 pares
1077 4039 1209 4100 unquam

103 4107 252 4174 berteficiis
267 4113 379 4192 gratias
393 4113 560 4174 relaturum
574 4133 621 4173 me
636 4133 698 4172 esee
712 4111 870 4173 confidam.

185 4197 318 4258 circiter
341 4218 452 4258 annum
483 4197 595 4260 Christi
613 4219 754 4278 mccxcv,
774 4198 940 4278 imperante
962 4190 1136 4254 Andronico
1158 4207 1208 4250 se-

105 4281 202 4362 niore,
222 4281 419 4365 nicephorus
443 4283 588 4365 Gregoras
614 4294 704 4346 natus
729 4292 776 4344 est
802 4282 837 4342 in
867 4279 946 4342 Asia.
988 4275 1209 4359 Paphlagonam
