2986 4886
287 243 309 294 o
441 191 448 204 ’
529 231 662 304 nnn
685 229 846 302 wopau
866 229 1137 319 emeseno:

286 393 371 457 diam
393 392 539 474 redegisse
554 391 776 472 cognovissem
797 409 837 450 ex
847 389 1022 470 Angustam
1035 391 1215 456 bibliotheca
1228 392 1307 460 iliud
1316 415 1392 478 opus

287 504 443 578 acceptam
470 495 599 577 perlegi:
622 503 653 556 et
679 514 754 576 quae
784 513 849 555 noa
874 493 994 556 irmtilia
1020 495 1216 574 videbantur,
1250 509 1393 582 excerpta

287 601 435 678 Gregoree
448 597 558 658 adieci:
581 616 636 676 ne,
658 597 758 677 quoad
770 615 888 680 possem
901 608 931 660 et
943 597 1063 676 liceret,
1083 598 1234 663 volantati
1248 609 1320 662 tuse
1343 611 1392 664 at-

286 721 345 784 que
364 701 465 762 officio
484 722 552 762 meo
568 701 708 762 deessem.
749 698 796 761 Ac
809 699 899 782 plura
915 720 984 761 sane
998 700 1199 781 collegissem,
1218 702 1279 764 nisi
1294 703 1320 763 is
1337 723 1393 764 co·

285 805 346 866 dex
355 813 385 865 et
395 804 547 885 principio
561 803 657 864 etiine
668 801 804 877 mutilus,
816 801 849 860 in
857 801 956 862 medio
964 804 1055 864 etiam
1063 803 1178 885 aliquot
1189 805 1270 866 foliis
1280 809 1393 887 partim

283 906 422 980 exsectio,
431 907 543 986 partim
556 905 679 966 marinis
692 905 836 968 fluctibus
844 902 893 987 (ut
904 903 1024 988 opinor)
1036 907 1218 986 madefactis,
1236 917 1266 968 et
1279 908 1394 970 litteris

283 1018 433 1070 vetustate
445 1009 688 1087 exolescentibus,
703 1007 802 1069 studio
813 1027 880 1068 meo
892 1017 922 1070 et
937 1009 1034 1068 oculis
1043 1009 1184 1071 diuturna
1197 1013 1259 1072 iere
1275 1020 1305 1072 et
1319 1033 1395 1094 per·

283 1121 376 1194 petua
394 1111 521 1172 lectione
541 1134 577 1172 ac
593 1111 756 1193 scriptione
773 1111 856 1170 sessis
872 1120 902 1170 et
917 1109 1062 1172 hebetatis
1076 1111 1269 1176 vehementer
1284 1115 1396 1176 adver·-

283 1225 367 1295 satus
379 1225 465 1293 esset,
479 1225 566 1295 atque
577 1213 835 1278 incomnodasset.
859 1213 1128 1295 Chalcocondylem
1143 1225 1242 1277 autem
1258 1234 1330 1276 suus
1341 1215 1396 1274 in-

284 1325 409 1400 terpres,
432 1339 491 1398 qua
505 1327 551 1377 eet
565 1317 702 1378 doctrine
716 1326 746 1376 et
762 1316 941 1396 eloquentia,
957 1318 998 1378 ita
1016 1319 1254 1398 commendabit,
1275 1327 1312 1379 ut
1333 1317 1397 1378 mi-

284 1420 317 1482 hi
332 1423 404 1482 satis
415 1442 498 1482 nunc
512 1440 575 1482 esse
588 1421 710 1498 debeat,
731 1419 757 1479 si
772 1419 887 1480 labores
907 1419 942 1480 hi
964 1419 1024 1480 mei
1039 1420 1184 1500 aequitati
1202 1430 1233 1482 et
1254 1420 1397 1482 liberali-

284 1526 340 1584 tati
355 1536 426 1585 tuae
447 1523 648 1584 commendati
666 1521 796 1599 inerint,
822 1530 852 1582 et
872 1520 1001 1604 probati.
1042 1523 1194 1602 Augustae
1215 1525 1398 1586 Vindelico·-

284 1647 365 1704 rum,
380 1627 526 1708 postridie
543 1627 604 1684 Cal.
619 1622 762 1701 Ianuarii,
784 1623 854 1682 anni
868 1645 886 1682 a
902 1624 1013 1686 Christi
1028 1628 1190 1688 servatoris
1205 1626 1398 1689 humanitate

284 1751 393 1792 sensim.
409 1751 498 1811 quem
511 1729 569 1788 tibi
585 1728 702 1808 tuisque
724 1736 754 1786 et
769 1728 827 1789 toti
845 1727 911 1789 orbi
927 1737 1076 1788 terraram
1097 1741 1252 1810 pacatum,
1274 1732 1399 1793 felicem

285 1853 320 1890 ac
334 1833 480 1908 faustum,
504 1852 543 1892 ex
557 1831 656 1892 animo
667 1849 785 1911 precor.
826 1832 915 1892 Faxit
929 1835 1006 1892 Dens
1020 1832 1092 1912 0pt.
1109 1831 1202 1910 Max,
1223 1842 1259 1892 ut
1279 1833 1398 1892 Fanni·

283 1953 376 1994 aanor
390 1935 482 2015 primi
495 1933 637 2014 Augusti,
658 1933 851 2014 Imperatoris
868 1956 904 1995 sc
916 1935 1031 1997 domini
1050 1937 1146 1996 nostri
1160 1933 1398 2010 elementissimi,

282 2037 315 2098 in
332 2038 438 2098 urbem
455 2037 552 2115 hanc,
574 2038 612 2098 ob
635 2037 822 2117 gravissimas
844 2038 882 2097 de
895 2038 1018 2120 Imperii
1040 2037 1130 2098 rebus
1153 2037 1396 2114 deliberationes,

280 2140 432 2220 ingressus
448 2141 515 2225 (sub
529 2143 562 2201 id
574 2151 691 2223 tempus
714 2161 774 2219 quo
790 2141 888 2222 pacis,
910 2142 1089 2202 concordiae
1109 2151 1140 2202 et
1161 2140 1260 2202 mutui
1282 2140 1399 2200 amoris

281 2243 429 2304 doctoret
441 2244 612 2324 exemplum
626 2245 774 2302 Csssrsrus
789 2242 884 2320 lasus,
897 2245 1155 2326 proptersalutem
1168 2243 1293 2304 humani
1301 2263 1400 2322 gene-

279 2347 333 2424 ris,
359 2347 546 2408 dissimulata
562 2346 721 2408 divinitate
731 2365 797 2422 sua,
819 2344 909 2406 homo
924 2349 1007 2408 nesci
1019 2347 1142 2430 voluit),
1157 2348 1293 2407 omnium
1305 2347 1400 2426 prin-

279 2451 401 2532 cipum,
425 2451 559 2511 omnium
573 2448 731 2510 hominum
745 2447 861 2509 ammos
875 2471 892 2508 a
908 2451 1036 2531 privatis
1050 2450 1267 2532 cupiditatibus
1282 2449 1322 2508 ad
1337 2469 1401 2510 cu-

278 2573 345 2614 rans
360 2554 501 2635 publicas
514 2553 636 2630 salutis,
659 2573 678 2612 a
699 2552 777 2612 luxu
801 2562 831 2613 et
854 2557 1026 2638 corruptela
1048 2575 1168 2615 morum
1186 2553 1226 2613 ad
1245 2552 1402 2612 sobrieta-

277 2666 339 2717 tem
360 2667 390 2716 et
409 2658 492 2718 vitae
515 2657 736 2737 integritatem,
759 2659 796 2720 ab
822 2662 898 2722 odiis
920 2669 950 2722 et
971 2657 1175 2718 simultatibus
1199 2655 1239 2714 ad
1261 2674 1400 2716 concor-

279 2757 360 2818 diam
383 2769 413 2819 et
435 2781 582 2835 amorem,
612 2781 630 2818 a
658 2761 737 2822 rixis
758 2773 788 2824 et
814 2763 1068 2846 disputationibus
1087 2763 1126 2821 ad
1145 2777 1252 2822 verum
1276 2758 1401 2820 cultum

276 2861 445 2941 religionis,
467 2884 484 2921 a
499 2863 587 2924 bellis
611 2863 745 2925 eternis
760 2863 929 2926 adfirmem
945 2875 975 2925 et
989 2873 1177 2926 constantem
1190 2880 1297 2944 pacem
1314 2881 1402 2923 con-

279 2973 388 3024 restat.

366 3068 460 3129 Guins
474 3070 540 3131 voti
552 3069 579 3130 si
595 3089 650 3130 nos
664 3069 767 3132 divina
780 3070 945 3132 liberalitas
962 3071 1078 3149 (merita
1093 3067 1174 3130 enim
1188 3075 1292 3128 nostra
1306 3067 1402 3128 nulla

278 3172 415 3252 proiecto
440 3173 554 3233 iactare
571 3193 751 3255 possumus,
773 3193 830 3234 nec
844 3174 945 3234 minus
962 3173 1080 3253 indigni
1095 3191 1198 3232 sumus
1218 3171 1324 3234 divino
1343 3189 1402 3232 au-

278 3275 355 3334 xilio
368 3295 459 3356 quam
474 3275 589 3360 indigi)
612 3287 765 3358 compotes
780 3277 963 3356 reddiderit,
986 3278 1024 3338 iis
1044 3275 1156 3337 erimus
1173 3272 1401 3360 formidabiles,

279 3379 416 3458 aquibus
430 3400 527 3457 nunc,
549 3401 613 3441 non
625 3380 692 3439 aliis
708 3380 745 3441 de
769 3381 867 3442 musis
880 3401 969 3461 quam
984 3391 1112 3463 propter
1136 3385 1312 3456 corruptam
1324 3375 1401 3450 ,di-

278 3481 448 3562 sciplinsm,
470 3493 500 3543 et
513 3484 657 3546 intestina
672 3473 760 3562 bella,
783 3505 839 3567 per
854 3494 1061 3567 contemptum
1079 3497 1297 3565 oppugnemus,
1322 3499 1401 3540 cae·

276 3585 388 3663 dinuo,
410 3585 443 3644 in
457 3589 677 3650 acerbissimam
694 3588 871 3650 servitutem
884 3589 1072 3667 abducimur,
1096 3597 1127 3648 et
1141 3588 1174 3646 in
1189 3603 1322 3646 summas
1336 3603 1400 3643 an-

275 3689 388 3768 gustias
404 3689 517 3752 redacti
531 3695 739 3774 profligamur.
783 3691 938 3774 Quicquid
958 3694 1038 3754 enim
1056 3689 1258 3752 calamitatum
1274 3706 1310 3746 ac
1327 3686 1400 3746 cla·

276 3791 362 3852 dium
368 3793 417 3876 (ut
426 3795 463 3854 de
472 3795 539 3854 aliis
549 3795 725 3858 Christianis
730 3797 896 3879 provinciis
908 3795 1035 3880 taceam)
1045 3793 1215 3856 Pannoniae
1221 3789 1399 3872 patiuntur,

274 3893 308 3953 id
332 3896 371 3956 ad
389 3919 445 3958 nos
471 3919 592 3980 quoque
615 3920 654 3959 ex
680 3921 775 3981 aequo
796 3901 947 3982 pertinere
974 3901 1081 3962 merito
1107 3897 1287 3958 iudicamus.
1331 3895 1396 3954 Res

176 3989 182 3998 ⁸
277 3997 357 4058 enim
368 4003 525 4084 proiecto,
545 4005 607 4066 imo
629 4005 712 4066 salus
727 4015 831 4068 noema
846 4025 929 4066 nunc
943 4005 1053 4085 agitur,
1075 4004 1175 4086 peries
1190 4019 1259 4061 cum
1278 3997 1397 4079 proxi-

276 4123 345 4166 mus
360 4107 454 4169 ardet.

686 4316 973 4340 w
