3084 4862
340 268 432 322 mx
554 257 788 330 NIOEPHORI
806 257 1047 330 GREGORAE
1064 257 1244 330 ELocla.

343 418 397 486 καὶ
417 414 608 526 δπιβιαβδς,
603 416 656 483 καὶ
668 419 713 494 τις
725 416 742 486 δ
754 413 863 526 ταύτης
877 414 1059 504 πρασσδκης,
1079 419 1132 484 καὶ
1143 421 1222 496 siser
1237 417 1306 498 οδδξ
1318 419 1428 488 ἐκείνου

343 502 483 584 φαίνεις,
506 498 564 568 orias
586 501 719 584 δι’καρποι
739 500 837 610 μόνον
855 505 909 568 καὶ
921 509 1147 610 καταργοδντες
1168 501 1226 589 κήν
1241 511 1363 592 γῆνιῆς
1380 502 1429 570 eai-

342 591 459 671 σιβιιας
477 589 615 671 βιασταὶ,
637 585 713 652 oillei
731 589 783 654 καὶ
801 583 993 666 ἆκανθοδδεις
1011 591 1065 654 καὶ
1084 593 1153 654 λίαν
1159 600 1308 695 τραχεῖς,
1339 616 1428 675 παρα·

343 679 509 752 λυποῦντες
523 674 575 737 sal
592 673 821 752 διασποῖνιες
787 697 825 740 τα
838 681 892 757 τῆς
902 676 1062 783 ἐκκλησίας
1075 672 1253 780 γεννήματα

424 755 474 824 Ἐν
493 754 542 835 αἷς
554 755 650 843 δήπερ
662 757 811 869 δσεβειαις
822 759 876 824 καὶ
890 757 1030 836 δτοπδαις
1042 703 1244 866 καδδιόδοχον
1259 756 1409 826 ἑαυτοῦ
1379 781 1429 824 τον

339 839 491 952 δύστηνον
513 845 630 910 ἐκεῖνον
650 845 749 952 loger
753 841 941 910 Ἀκινδανον·
961 847 1015 910 ιιαδ
1034 847 1077 910 ἔτι
1091 842 1297 955 Δεξιδνπινα,
1318 843 1431 925 vivario

339 925 498 1012 δρισιερδς
515 933 649 1014 μερίδος·
671 932 724 995 και
739 925 898 1015 Ἆργαρδν,
920 927 975 996 sair
995 933 1048 997 lori
1068 929 1191 1013 μεσεδν,
1214 925 1267 996 ssia
1284 931 1336 995 καὶ
1356 926 1429 994 ποιδ

338 1040 373 1081 ro
365 1013 581 1098 κίβδηλον
543 1041 599 1098 της
616 1012 768 1125 Ἑλλήνων
780 1018 929 1123 φλυαρίας
944 1013 1168 1120 πλονκήσανκα·
1189 1016 1241 1081 καδ
1260 1012 1320 1122 πρδ
1336 1009 1431 1078 αδκαίν

338 1107 402 1206 Γηρ
404 1105 519 1206 yopoiv·
512 1098 674 1167 ἐκεῖνον
646 1125 697 1166 τον
715 1097 896 1210 duodeciens.
925 1105 956 1168 ol
969 1102 1021 1166 καὶ
1032 1101 1090 1183 niv
1094 1097 1190 1206 χάριν
1203 1098 1348 1178 καθάπαξ
1360 1096 1430 1182 sidr-

336 1191 519 1290 manasseri
538 1193 618 1252 deod
635 1183 740 1250 καὶ
705 1211 763 1270 την
773 1185 922 1291 φυσικὴν
951 1183 1043 1252 ou’rov
1032 1183 1196 1269 δύναμιν
1215 1187 1268 1252 καὶ
1287 1187 1432 1270 ἐνέργειαν

336 1266 551 1376 ἕξηρνῄσανκο,
574 1275 723 1378 μηδεμίαν
742 1267 872 1380 δύναμιν
894 1281 1050 1355 προσεῖναι
1065 1273 1237 1361 λέγοντες
1208 1297 1249 1337 τοι
1236 1277 1340 1360 ”θερδ,
1361 1267 1432 1354 pedi

336 1352 455 1442 δαρεαν
467 1380 500 1421 rr
513 1355 615 1421 sol'
578 1383 665 1442 χαριν
676 1353 760 1435 ἕξ’
720 1383 815 1424 αατοα
803 1364 1006 1442 προϊοῦσαν.

420 1445 527 1504 Sacros
540 1445 664 1522 Tomos,
686 1445 723 1504 ab
739 1445 908 1506 orthodoxa
921 1444 1033 1506 Christi
1047 1443 1305 1526 ecclesiapublice
1319 1439 1433 1523 exposi-

333 1537 400 1605 tos,
429 1529 483 1609 qui
506 1531 637 1590 voluerit
658 1530 752 1610 legat,
782 1539 812 1591 et
831 1531 930 1591 omnia
951 1529 1106 1611 explorate
1133 1539 1308 1610 cognoscet.
1337 1527 1432 1607 primo

334 1575 455 1695 quidem
472 1635 540 1674 eum
550 1616 677 1675 Tomum
686 1615 770 1696 ,qui
785 1617 818 1676 in
828 1616 956 1696 impium
974 1617 1061 1676 illum
1073 1617 1263 1678 Barlaamum
1278 1613 1433 1674 Calabrum

334 1699 433 1760 editus
455 1709 514 1760 est·
535 1709 599 1760 tum
622 1701 707 1760 ἱ11ιιιιι
715 1701 799 1782 ,qui
820 1701 963 1762 adversus
973 1701 1164 1763 temerarium
1181 1698 1209 1786 ¹)
1231 1699 1432 1779 Acindyuum,

332 1785 434 1844 eadem
451 1805 526 1864 quse
547 1787 719 1846 Barlaamus
743 1796 858 1848 tentare
879 1785 1044 1869 ausum15)
1066 1785 1194 1867 denique
1208 1805 1278 1848 eum
1299 1783 1351 1865 qui
1373 1793 1434 1842 ter-

331 1870 392 1930 tius
414 1870 544 1950 prodiit,
574 1871 757 1952 compositus
775 1872 945 1934 videlicet
936 1895 969 1940 sn
993 1893 1062 1932 eum
1081 1872 1133 1952 qui
1148 1882 1196 1932 ter
1218 1882 1247 1932 et
1272 1869 1390 1950 saepius
1404 1863 1432 1948 1)

330 1954 490 2034 (siquidem
501 1955 537 2016 ab
546 1977 674 2038 eosaepe
687 1966 743 2017 eta
758 1958 848 2019 variis
863 1957 1176 2040 praeterealaaereticis
1190 1951 1435 2018 ecclesiaChristi

329 2040 468 2102 similiter
483 2043 656 2122 perturbata
678 2041 752 2124 cst),
776 2044 938 2144 Gregprsm
952 2045 1038 2121 dico,
1060 2053 1157 2104 morte
1177 2043 1295 2102 animae
1317 2040 1433 2120 penitus

326 2135 497 2201 mortuum,
519 2128 729 2208 eundemque'
718 2130 881 2210 smpietatis
896 2139 1018 2190 veterno
1034 2139 1064 2188 et
1082 2128 1167 2207 gravi
1184 2148 1293 2209 sopore
1308 2144 1434 2208 oppres·
1492 2191 1495 2200 p

325 2231 406 2272 auru.
451 2213 617 2291 cognoscet
630 2214 656 2272 is
671 2233 761 2294 quam
772 2216 857 2276 varia
870 2224 900 2275 et
914 2235 1003 2295 quam
1015 2213 1140 2275 subdola
1153 2213 1192 2274 sit
1205 2213 1283 2274 haec
1294 2210 1434 2282 haerens,

327 2315 418 2374 quam
436 2297 491 2358 Dei
508 2297 629 2358 inimica
645 2309 676 2358 et
690 2299 798 2377 noxia3
820 2301 886 2380 quia
899 2301 994 2380 ipsius
1012 2309 1218 2380 propugnator
1232 2299 1352 2379 primus
1367 2298 1435 2356 fne-
1513 2337 1514 2358 ι

324 2383 385 2457 m't3
408 2381 529 2462 quinam
544 2383 673 2464 denique
687 2385 758 2444 inde
777 2385 875 2446 exorti
896 2407 958 2446 nou
980 2384 1070 2446 modo
1092 2384 1277 2445 infructuosi
1298 2392 1329 2443 et
1349 2399 1435 2443 verae

323 2467 478 2546 religionis
494 2470 592 2530 solum
606 2469 782 2530 infestantes
795 2472 932 2547 surculi,
953 2469 1159 2531 verumetiam
1177 2469 1295 2550 spinosi
1310 2477 1340 2528 et
1354 2466 1433 2528 mul-

323 2561 390 2614 tum
403 2554 515 2636 asperi,
537 2575 588 2617 eos
603 2573 677 2636 quos
691 2556 796 2636 genuit
820 2557 946 2619 ecclesia
970 2557 1070 2618 foetus
1096 2557 1230 2616 molestia
1249 2554 1388 2616 alliciant
1407 2561 1435 2612 et

323 2639 499 2701 dilacerent.
1512 2640 1513 2657 ¹

407 2743 524 2803 Horum
533 2741 755 2826 [Barlaamus]
744 2745 908 2826 impiorum
922 2743 1094 2844 dogmatum
1107 2754 1279 2805 eternorum
1293 2742 1434 2804 heredem

321 2824 429 2886 lsabuit
442 2829 592 2890 infelicem
605 2831 692 2891 illum
699 2831 909 2912 Acindynuna5
925 2831 999 2890 item
1010 2830 1147 2907 Dorium,
1161 2831 1356 2890 sinistrarum
1369 2847 1435 2908 par-

319 2911 399 2972 tium
412 2910 562 2974 homiuem
575 2911 620 3015 8);
639 2935 695 2976 nec
710 2937 771 2976 non
783 2917 941 2995 Argyrum,
957 2914 1139 2994 aerug1n1s³)
1154 2915 1279 2998 plenum
1295 2915 1432 2976 etGrae-

322 2999 444 3058 canicae
465 3000 607 3060 vanitatis
626 3000 699 3060 falsa
726 3011 846 3061 moneta
862 2997 890 3086 ⁸)
920 3001 1203 3080 instructissimum
1224 3011 1255 3061 et
1275 3010 1350 3061 ante
1379 2997 1435 3058 hos

321 3093 486 3164 apostatam
503 3085 592 3145 illum
614 3086 784 3186 Gregoram.
815 3085 994 3185 ligustium
1011 3085 1065 3146 Dei
1082 3088 1205 3148 omuino
1235 3095 1436 3166 contempse-

320 3179 404 3246 runt,
426 3171 629 3232 naturalem
603 3191 666 3231 erus
680 3173 823 3232 virtutem
838 3172 1080 3252 etoperatiouem
1089 3173 1299 3254 repudiarunt,
1315 3171 1435 3231 nullam

320 3253 382 3314 Deo
395 3213 570 3316 ladiunctans
584 3257 746 3337 virtutem,
766 3257 887 3318 nullum
901 3275 940 3318 ex
962 3277 997 3318 eo
1013 3256 1143 3337 donum,
1164 3257 1281 3318 nullam
1303 3257 1435 3338 gratiam

318 3341 482 3421 procedere
493 3341 649 3405 dixerunt.

404 3443 519 3522 Habea,
540 3444 597 3506 Vir
608 3444 824 3523 illustrissime,
845 3443 954 3505 selecta
971 3461 988 3504 e
1008 3443 1113 3504 multis
1129 3441 1294 3524 Nicephori
1314 3444 1435 3522 Grego-

317 3547 371 3589 rae
386 3527 498 3606 elogia;
518 3529 687 3592 honorifica
704 3531 820 3612 pariter
834 3541 864 3592 et
881 3529 1043 3590 iniuriosae
1064 3549 1139 3609 quae
1153 3529 1243 3608 longo
1263 3530 1434 3590 intervallo

318 3613 460 3673 distantia
475 3625 505 3674 et
516 3616 606 3696 plane
619 3616 768 3698 disparata
778 3616 847 3678 ideo
860 3613 1073 3676 coniunximus
1088 3623 1117 3674 et
1133 3615 1227 3676 oculis
1240 3615 1302 3675 tuis
1314 3617 1435 3676 alterna

317 3698 518 3771 subiecimus,
546 3721 605 3780 quo
622 3702 740 3763 facilius
759 3701 944 3785 perspiceres
968 3721 1059 3780 quana
1079 3699 1181 3779 iniqua
1195 3710 1296 3762 essent
1316 3700 1434 3762 iudicis

314 3782 490 3862 hominum,
515 3806 603 3865 quam
620 3807 707 3848 caeca
725 3797 756 3848 et
771 3787 892 3848 affectui
908 3785 1048 3848 obnoxia.
1090 3785 1173 3846 Illud
1192 3794 1294 3846 tamen
1311 3783 1410 3846 hac
1399 3804 1433 3844 ιιι
1507 3853 1508 3878 ¹

314 3877 403 3952 parte
428 3868 585 3950 diligenter
605 3873 696 3933 velim
717 3873 870 3950 attendas,
891 3871 1039 3952 aquibus
1057 3871 1203 3950 Gregores
1226 3870 1433 3952 reprehensus

315 3963 347 4016 ot
366 3955 555 4017 contumeliis
570 3968 696 4018 vexatus
710 3958 767 4037 sit,
789 3979 840 4020 eos
853 3958 901 4018 illi
915 3957 1049 4018 infensos
1064 3957 1156 4017 fuisse
1170 3956 1209 4016 ob
1223 3977 1289 4018 sana
1302 3975 1433 4038 pmrsus

315 4055 452 4120 causans,
474 4041 547 4122 quia
568 4042 896 4108 sanioremdoctrinanr
912 4051 942 4103 ot
961 4062 1049 4106 verae
1068 4041 1140 4103 iidei
1154 4042 1294 4122 dogmata
1307 4061 1434 4125 propu-
1506 4095 1507 4123 p

349 4207 381 4278 1)
398 4209 514 4264 Gnaeus
525 4209 661 4266 adurimus
673 4209 783 4271 reddare
794 4227 846 4270 non
861 4209 945 4269 licuit.
1012 4207 1048 4281 ἲ)
1069 4207 1181 4283 drappis,
1195 4209 1289 4267 ιαδοαι
1304 4209 1434 4270 mult.

314 4277 347 4350 δ)
364 4278 511 4338 Δδιιιίοιιοι
522 4281 556 4338 ιδ
567 4281 679 4339 namus.
