3084 4862
284 273 517 346 οιοεεειοιο
538 271 784 344 omnm
806 273 979 346 οοοοικ
1047 233 1049 247 ’
1140 291 1201 342 ux

193 435 340 498 caeterum
358 433 409 516 (αα
429 432 567 514 vulgaria
589 443 619 494 et
638 433 674 494 de
687 433 786 496 medio
800 443 918 516 sumpta
930 435 1060 517 proponi
1074 435 1131 498 tibi
1146 437 1199 498 in-

124 521 234 602 dignere)
252 520 401 602 quidquid
423 519 475 580 hic
494 520 730 582 testimoniorum
754 532 926 600 congestum
947 523 1049 600 vides,
1078 523 1110 582 id
1135 525 1199 584 fere

123 607 255 684 οαιυοτολ
269 629 306 668 ex
324 606 479 668 codicibus
494 626 564 669 ωτι.
579 605 799 690 depromptum,
820 609 870 668 vel
884 607 1018 668 exlibriz
1033 607 1134 670 minus
1147 609 1199 670 ob·

121 692 167 754 viia
181 703 349 775 excerptum
371 693 459 755 scias.

120 821 141 888 1.
160 827 319 912 Γευργίου
339 829 402 893 τοῦ
422 823 581 894 Λαπίθου
592 823 618 908 ¹)
641 821 676 891 ἐκ
691 821 832 912 Κάπρου
853 824 898 905 είς
919 821 1118 914 Νικηφόρον
1140 823 1202 894 τόν

534 913 710 996 Γρηγορᾶυ
725 911 763 994 ²).

190 1029 246 1107 Τάς
266 1037 330 1098 τοῖν
349 1027 495 1116 σωμάτων
515 1031 680 1116 ἐνεργείας,
703 1027 764 1118 όσςο
789 1027 828 1096 όν
842 1031 978 1114 μείζονος
995 1025 1053 1097 αίσι
1064 1028 1102 1096 τά
1116 1031 1203 1118 ἐνερ-

118 1121 213 1200 γνόντα
227 1115 395 1200 δυνάμεως,
410 1113 543 1204 τοσοότφ
555 1118 717 1202 περαιτέρω
728 1113 760 1201 γ’
773 1118 966 1194 ἐφικνεῖσθαι
979 1124 1118 1200 φυσικιῖν
1127 1112 1203 1183 άπο·

117 1203 262 1280 φαίνονται
276 1207 390 1279 παῖδες.
411 1201 527 1268 οόκουυ
545 1199 710 1310 θαυμάζειν
723 1201 834 1286 χρεαίν,
857 1196 882 1266 τό
898 1207 971 1285 φίλη
989 1228 1042 1286 μοι
1054 1204 1108 1268 καί
1125 1199 1202 1285 πόῤ·

116 1287 203 1366 ρῖυθεν
213 1287 340 1368 κεφαλή,
363 1291 392 1352 εί
403 1295 579 1370 τηλικοῦτος
593 1314 637 1353 ων
652 1291 769 1354 ἐκεῖθεν
783 1289 865 1370 ήμοῖς
879 1285 1091 1372 όκτινοβολεῖς.
1113 1284 1203 1370 φήμη

114 1369 178 1454 γάρ,
202 1371 241 1455 ἣν
263 1371 337 1440 θεόν
365 1371 475 1461 ᾅδουσι
492 1375 634 1456 ποιηταί,
654 1374 707 1438 καί
728 1371 891 1457 περαιτέρω
912 1397 946 1456 γε
968 1375 1057 1456 ήμσῖν
1078 1372 1112 1438 σέ
1134 1377 1205 1438 ότα-

114 1454 284 1540 πορθμεύειν
295 1465 449 1542 πειροῖται·
471 1455 530 1524 κόν
543 1455 639 1543 αότήν
654 1455 779 1541 άφίκετο
795 1455 970 1540 τήνἸνόοῖν,
987 1462 1014 1524 εί
1027 1455 1070 1541 μή
1085 1456 1118 1524 τό
1131 1454 1205 1542 βόρ-

114 1543 196 1624 βορον
217 1545 310 1620 ίθνος
323 1539 581 1626 όνειτιτηόειότητι
597 1551 686 1626 σφιῖν
706 1541 805 1612 αότοῖν
820 1544 945 1622 διίκοψε
956 1543 1010 1620 τοῖς
1025 1550 1079 1626 τῆς
1095 1541 1204 1627 φήμης

114 1622 204 1704 α’ότάς.
231 1629 328 1712 όμνεῖ
341 1629 397 1710 μέν
419 1623 476 1696 σόν
489 1629 513 1712 ή
527 1627 617 1714 φήμη
638 1651 688 1709 σε,
707 1631 853 1716 βέλτιστε,
875 1627 974 1694 πολάν
987 1630 1042 1713 μίν
1057 1631 1091 1696 ἐν
1104 1655 1204 1714 γραμ-

113 1721 234 1792 ματικοῖς
256 1711 442 1798 α’κριβείαις,
463 1719 586 1798 μείζονα
603 1716 637 1781 όέ
655 1717 688 1782 ἐν
708 1719 881 1800 ῥητορικοῖς
898 1709 1032 1798 εόροίαις
1050 1716 1101 1780 καί
1119 1713 1207 1800 χάρι-
1333 1759 1342 1788 ι

114 1817 167 1876 σιν,
187 1794 242 1864 οόκ
267 1796 370 1884 όλίγον
395 1795 427 1867 δ’
447 1801 481 1866 ἐν
504 1807 638 1884 λογικοῖς
659 1809 804 1886 στροφαῖς
822 1800 875 1865 καί
896 1805 1072 1884 κομψείαις·
1103 1799 1140 1877 ὃς
1166 1798 1206 1884 όή

113 1881 211 1960 κλυτός
233 1883 476 1970 συλλογιστικοῖς,
497 1881 597 1967 όρθάς
619 1887 653 1952 τε
672 1889 725 1952 καί
749 1887 1000 1970 διεοτραμμίνας,
1023 1884 1207 1970 όνουνεχής

111 1960 297 2052 Ἀριστοτέλης
320 1975 425 2056 σφφαῖς
439 1968 661 2075 μεμηχάνηται,
683 1967 705 2054 ή
716 1968 934 2055 τόληθίστερον
954 1969 1066 2053 φάναι,
1087 1977 1130 2059 τηῖ
1147 1967 1206 2054 βά-
1245 1979 1250 1994 “

112 2060 155 2115 θει
173 2056 395 2139 κεκαλυμμένας
417 2063 473 2139 τῆς
489 2078 611 2138 φυσεως
629 2054 737 2141 όνεῦρε
756 2058 808 2122 καί
829 2055 1024 2138 όιετρόνωσε·
1047 2055 1152 2140 βαθιίν
1172 2055 1206 2122 όί

113 2133 137 2242 γ’
154 2139 184 2203 ίν
201 2149 265 2218 τοῖς
286 2147 342 2223 τῆς
355 2138 477 2222 φάσεως
490 2143 637 2226 σκίμμαοι
649 2143 701 2208 καί
713 2150 778 2218 ταῖς
794 2139 870 2226 όπέρ
885 2147 975 2207 τοῦτο
993 2147 1049 2206 τοῦ
1062 2140 1160 2221 ὄντος,
1182 2133 1206 2230 ή

112 2247 149 2300 σν,
167 2225 335 2302 ίποτττείαις
355 2226 409 2292 καί
427 2225 632 2311 καταλήψεσι·
653 2221 734 2316 κᾷθ’
749 2222 828 2293 οὕτω
848 2227 900 2292 καί
917 2223 967 2292 οία
981 2223 1020 2310 όή
1033 2252 1094 2293 τινι
1108 2234 1206 2292 πολυ-

111 2311 174 2392 τίμμ
194 2307 335 2398 στεφάνῳ
352 2319 418 2388 ταῖς
434 2322 661 2396 μαθηματικαῖς
674 2310 722 2378 αἐλ
736 2319 844 2396 κοσμεῖ
853 2317 914 2377 τεόν
928 2313 1113 2396 ἐπιστημῶν,
1135 2305 1206 2378 κατ’

109 2391 248 2476 ἐξαίρετον
270 2397 374 2480 μέντοι
396 2403 435 2485 τῇ
453 2401 598 2483 κορωνίόι
618 2394 749 2479 τούτων,
777 2391 929 2474 ’τάςτοῖν
943 2393 1124 2479 όεικινήτων
1144 2418 1205 2463 οω-

109 2475 199 2560 μόταν
211 2479 347 2564 κινήσεις
359 2506 391 2547 τε
401 2483 453 2548 καί
462 2481 607 2567 δυνάμεις
620 2485 733 2550 είδίναι
746 2489 837 2568 μελει.
855 2489 950 2548 ταῦτα
964 2481 1020 2566 μίν
1033 2484 1055 2565 ή
1068 2479 1166 2564 φήμη,
1180 2473 1205 2570 ᾗ

109 2563 187 2646 θέμις
199 2565 255 2632 οιίκ
270 2563 415 2634 άπιστεῖν.
437 2566 476 2635 σά
489 2567 521 2636 δ’
538 2565 740 2653 οίθαυμάσιε,
761 2568 883 2648 τίμενος
896 2565 975 2653 ίερόν
988 2565 1063 2633 όλου
1078 2574 1135 2631 τοῦ
1145 2573 1208 2633 ταῖν

108 2657 220 2730 μουσαῖν
240 2660 337 2738 χορστῖ
357 2651 414 2735 τήν
432 2661 560 2720 σεαυτοῦ
574 2652 680 2738 ψυχήν
695 2651 906 2738 είργασμίνος,
928 2650 1121 2735 εόόαιμονεῖν
1134 2653 1209 2734 ἐχεις

107 2734 343 2820 τῇμακαριότητι
354 2744 415 2804 τοῖν
427 2736 573 2823 νοήσεων.
601 2740 666 2806 ἐπεί
682 2739 715 2804 δὲ
731 2735 835 2820 ψυχήν
845 2743 909 2814 τοῖς
921 2739 1121 2812 θείοιςείόεσι
1136 2762 1208 2822 μορ-

109 2829 257 2896 φνθεῖοαν
276 2821 386 2908 (τοῦτο
405 2821 463 2909 γάρ
483 2825 507 2908 ή
526 2821 695 2910 ἐπιστήμη)
714 2821 793 2889 ποῖά
813 2819 958 2908 πρότερον
978 2819 1055 2898 είκός
1077 2822 1129 2887 καλ
1150 2819 1209 2905 τήν

108 2903 203 2984 ίφεσιν
218 2904 400 2992 η’γαθόνθαι
418 2908 518 2994 (τοῦτο
531 2909 589 2995 γάρ
604 2908 728 2988 πάντως
742 2912 798 2974 τοῦ
812 2903 1011 2994 πρωτοτόπου
1024 2903 1207 2990 ἐκμάττεται,

107 2985 207 3070 ἣκιστα
222 2993 440 3076 πιστευομένου
460 2989 583 3081 α’γαθοιῖ
606 3021 687 3071 τινος
711 3002 866 3079 μετασχεῖν
887 2997 943 3058 τόό
963 2997 1129 3076 βασκανίαν
1149 3019 1205 3058 νο-

108 3077 235 3162 σοῦντος)
249 3077 374 3162 ὁμοίους
392 3088 526 3168 σεαυτῷ,
548 3077 640 3158 όσοος
653 3076 723 3146 οίόν
737 3105 769 3144 τε
783 3087 883 3145 ποιεῖν
896 3074 1052 3155 ἑκάστοτε,
1074 3079 1107 3143 ἐν
1121 3083 1207 3163 μεγί-
1236 3115 1240 3126 ·

108 3179 156 3246 οτη
177 3184 223 3227 σοι
237 3165 381 3247 γενέσθαι
406 3170 541 3254 σπουδῇ,
563 3161 586 3251 ἢ
607 3171 700 3231 ταῦτα
718 3163 773 3250 μὲν
796 3165 911 3248 βίλτιος
925 3164 952 3249 ³)
979 3159 1066 3239 αότὸς
1086 3159 1208 3240 πάντως

108 3253 286 3326 φιλοσοφεῖς,
307 3255 364 3314 τοῦ
377 3245 414 3314 τό
425 3247 550 3334 πάσχειν
564 3249 599 3318 τό
613 3259 712 3316 ποιεῖν
726 3249 824 3326 τιθείς
840 3248 965 3333 όμεινον
979 3249 1031 3315 καλ
1044 3246 1207 3334 θειότερον.

108 3327 170 3406 ἐμοί
183 3333 215 3398 a&
227 3357 260 3418 γε
275 3339 330 3415 τῆς
347 3340 404 3418 σῆς
418 3335 460 3413 αίς
475 3333 540 3402 οίόν
554 3361 585 3401 τε
606 3337 756 3423 ἐφιγμένφ
768 3335 796 3410 ⁴)
820 3333 1014 3419 πληρότητος,
1037 3330 1136 3418 τόσπερ
1151 3333 1208 3416 τήν

109 3409 178 3494 ὅλην
195 3419 272 3500 φασί
293 3425 349 3484 τοῦ
373 3421 490 3501 είόονς,
512 3421 644 3500 όξίωσον
666 3419 893 3504 α’ποκρίνασθαι
909 3421 1019 3504 βραχέα
1033 3421 1132 3484 ταυτί·
1156 3418 1208 3484 όιοί

109 3503 196 3565 ποίαν
211 3502 355 3570 κανόνων
374 3503 429 3583 τάς
452 3510 659 3593 φηφηφορίας
673 3509 842 3591 περαίνεις·
864 3509 949 3580 τίνας
970 3529 1002 3569 τε
1022 3505 1074 3568 καί
1091 3509 1208 3588 πηνίκα

112 3585 277 3669 Ξίίημμίνας
299 3587 464 3675 λαμβάνεις
487 3591 613 3675 ἐποχός,
634 3595 687 3658 καί
709 3587 805 3668 πόσος
826 3589 841 3658 ό
858 3592 892 3656 ἐκ
906 3597 968 3656 τοῖν
982 3590 1100 3672 ἐποχοῖν
1114 3593 1157 3668 είς
1173 3587 1206 3656 τό

110 3669 198 3750 παρόν
217 3671 338 3776 χρόνος.
369 3672 408 3741 ου’
430 3675 489 3766 γάρ
511 3675 545 3744 ol
565 3682 596 3742 αί
621 3699 653 3742 σε
673 3683 809 3762 χρῆσθαι
827 3683 892 3752 τοῖς
912 3681 1147 3759 Πτολεμαϊκοῖς,
1167 3681 1210 3762 τρῖ

110 3759 161 3856 ξεί
178 3783 289 3841 χρονου
308 3757 422 3844 πλήθει
446 3769 501 3846 τῆς
530 3765 699 3850 ακριβείας,
720 3763 932 3828 ἐκπίπτουσιν·
956 3762 998 3825 ἐτι
1024 3761 1058 3825 όέ
1076 3759 1130 3838 τοῖς
1146 3767 1208 3828 τοῖν

112 3839 348 3927 ωιστελεσμάτων
366 3849 480 3930 κρίσεις
501 3851 561 3914 τίνι
582 3843 732 3913 πιστεάων
750 3847 888 3928 ἐκτίθησι
902 3845 931 3934 ⁶)
953 3841 1102 3932 πρότερον
1125 3852 1209 3912 Πτο-

112 3927 209 4014 ίιψσίφ
224 3924 325 4017 μόνην,
345 3925 369 4014 ἦ
381 3935 433 3998 καί
443 3959 484 4022 τφ
496 3940 558 4000 τοῖν
573 3931 681 4000 όλλων.
703 3929 806 3997 Ἰταλοί
817 3929 893 4019 γάρ,
913 3928 961 4009 οίς
973 3927 1119 4018 ἐλάχομεν
1133 3951 1211 3998 σανα

144 4073 171 4144 ί)
189 4075 231 4131 De
250 4079 368 4152 Georgia
389 4083 427 4138 La
447 4083 503 4138 ῖίλιο
522 4083 582 4140 vido
598 4102 666 4156 quae
684 4085 739 4140 Leo
755 4083 865 4139 λλλιίίατ
884 4085 991 4156 scripsit
1008 4085 1036 4139 ἰο
1048 4084 1162 4140 diatriba
1176 4083 1210 4138 de

171 4144 302 4216 emili·
369 4151 402 4220 2)
415 4101 536 4222 ἐμίστυλα
557 4155 642 4210 ducti
661 4161 690 4209 ta
708 4171 741 4208 ex
762 4155 820 4208 eod.
835 4155 921 4210 Vatia.
939 4155 1015 4212 108ss
1033 4171 1109 4210 ιεαο
1133 4155 1209 4208 Η.

173 4211 205 4268 l).
221 4215 349 4276 numdi
364 4222 397 4276 de
410 4225 588 4279 montfaucon.
630 4173 663 4292 ὃς
680 4225 720 4278 λα
736 4222 845 4296 βίλτιον
856 4219 1083 4290 αότόςπαττόςῖ
1123 4222 1156 4293 ί)
1168 4225 1209 4278 λα

173 4277 326 4360 δεομένην
394 4293 427 4360 ι)
443 4291 517 4364 τερα
533 4289 664 4364 cmm,
680 4291 809 4366 πότεροι.
